1955 2732
262 139 295 170 :6
702 172 705 175 ,
746 128 841 168 LIB.
873 129 1018 168 XXIX.
1080 128 1108 168 F
1137 129 1166 168 E
1195 128 1230 168 T
1257 128 1295 168 U
1321 128 1354 167 S.

255 235 593 284 *margaritiferioL
624 235 850 283 buccinap),
882 236 1027 285 lepa'des
1042 235 1101 283 q),
1121 236 1278 285 peftines
1295 237 1354 281 r),
1384 235 1554 274 lumbrici
1571 237 1815 283 terrestress),

265 293 304 330 ἃ
332 292 476 330 vitulini
497 291 527 337 t>
544 320 554 335 ‚
586 291 772 329 hirudines
792 293 864 341 u),
896 292 1178 342 hydrocanthari
1192 291 1250 337 w).

376 373 433 411 Ab
457 374 528 410 istis
545 372 766 421 androgynis
790 373 935 410 modice
957 372 1023 410 alia
1045 372 1154 411 claffis
1170 373 1312 416 differt,
1345 374 1383 409 in
1406 384 1476 422 qua
1493 372 1629 422 duplex
1648 374 1817 423 equidem

267 429 372 468 sexus
387 428 591 466 satellitium
602 428 645 472 x)
658 430 718 471 est,
736 436 878 466 tantum
896 436 936 466 ut
953 429 997 466 ad
1014 442 1185 466 venerem
1200 429 1260 467 hic
1277 429 1380 478 plura
1397 429 1561 465 animalia
1573 432 1792 468 conveniant
1807 443 1814 466 :

262 494 304 524 ut
330 485 503 535 quodque
527 485 658 522 animal
689 486 733 522 ab
760 485 831 522 alio
855 485 906 523 sui
936 487 1078 533 generis
1104 485 1322 523 fecundetur
1351 513 1361 528 ‚
1393 485 1482 522 dum
1520 485 1636 534 ipsum
1670 487 1819 523 tertium

262 540 360 579 aliud
388 540 588 583 fecundat,
620 541 684 577 ubi
712 541 861 578 conchae
888 541 1048 591 Corety)
1076 541 1288 591 exemplum
1310 541 1525 586 adducitur3
1556 540 1816 588 Symplegaclem

260 596 354 635 olim
387 596 554 634 dixiisent
568 625 579 640 ‚
596 597 766 646 nequitiae
792 598 924 635 arbitri.

375 678 518 728 Absque
542 689 635 726 pene
650 707 659 721 ‚
694 677 754 715 sed
784 690 869 716 cum
891 679 1050 727 partibus
1075 678 1230 728 genitale
1247 679 1368 717 semen
1392 677 1590 716 masculum
1612 684 1735 715 tamen
1755 660 1818 728 pa-

260 736 420 773 rantibus
447 762 457 777 ,
490 734 593 784 quod
618 734 662 771 ad
687 734 831 771 feminae
849 746 919 771 ova
934 763 944 777 ,
976 735 1021 772 de
1045 737 1168 772 matris
1196 747 1352 784 corpore
1385 735 1502 782 egesta
1520 762 1530 776 ‚
1565 733 1788 783 adspergitur
1804 763 1815 777 ‚

265 792 379 841 pisces
415 790 520 833 sunt,
555 799 678 834 certe,
714 798 893 840 quantum
915 793 1087 828 novimus
1116 791 1286 841 plurimi,
1320 793 1357 829 ὃς
1381 802 1496 840 pauca
1530 790 1626 828 forte
1661 790 1818 840 quadru-

258 847 354 897 peda
380 846 520 895 frigida,

671 931 706 973 §.
738 926 783 965 V.
845 926 890 966 II.
924 927 1104 966 Animalia
1138 927 1231 978 sexu
1270 927 1410 977 duplici.

806 1007 852 1046 ΙΙ.
867 1009 1032 1056 δζίηπὲῗο.
1066 1009 1092 1048 1.
1107 1009 1256 1048 Similia.

372 1090 418 1130 Et
446 1102 546 1130 nunc
576 1090 728 1129 demum
758 1087 912 1126 mascula
941 1090 1104 1127 animalia
1136 1091 1356 1140 sequuntur,
1388 1096 1431 1128 ut
1459 1090 1639 1128 continuo
1668 1088 1812 1132 videas,

256 1148 383 1186 sexum
415 1149 581 1185 nostrum
606 1148 644 1184 in
672 1145 835 1184 universa
867 1152 993 1182 natura
1018 1146 1137 1183 inulto
1156 1174 1167 1189 ‚
1213 1158 1322 1195 quam
1357 1146 1574 1183 femininum
1596 1173 1606 1188 ,
1639 1146 1813 1182 rariorem

255 1203 333 1242 esse.
394 1203 540 1242 Dantur
579 1210 702 1240 autem
722 1204 760 1238 in
784 1200 938 1239 testaceo
955 1200 994 1244 cz)
1014 1213 1148 1249 genere
1173 1203 1210 1239 ὃς
1237 1201 1390 1239 mascula
1419 1202 1582 1238 animalia
1607 1202 1644 1238 δε
1669 1201 1814 1238 femini-

254 1273 301 1299 na
320 1289 330 1304 ‚
368 1262 406 1297 in
428 1271 596 1308 purpurae
612 1258 648 1303 h)
685 1258 801 1308 specie
820 1285 830 1300 ,
865 1258 902 1294 &
921 1257 1080 1295 cochleae
1099 1256 1141 1301 c).
1201 1258 1301 1297 Inter
1321 1269 1460 1295 vermes
1483 1259 1523 1295 in
1541 1258 1728 1296 lumbricis
1745 1256 1813 1295 hu-

200 1313 208 1320 ’
255 1318 372 1355 manis
396 1315 436 1360 d>
456 1344 466 1359 ,
511 1315 548 1352 ὃς
580 1315 714 1364 lupinis
734 1311 785 1364 e).

363 1396 417 1435 Eo
448 1397 585 1446 reliqua
615 1395 689 1432 fere
717 1394 926 1432 animalium
953 1405 1086 1442 genera
1118 1396 1242 1432 omnia
1273 1395 1479 1444 pertinent,
1518 1393 1645 1432 inscita
1663 1394 1809 1436 omnia,

257 1453 371 1504 pisces
391 1465 520 1490 omnes
535 1480 547 1495 ,
581 1451 815 1501 quadrupeda
834 1449 987 1498 frigida,
1020 1462 1118 1493 aves,
1142 1451 1253 1488 calida
1275 1451 1422 1489 demum
1448 1449 1682 1500 quadrupeda
1698 1478 1708 1492 ,
1731 1461 1811 1499 quae

257 1511 381 1548 omnia
405 1508 496 1546 adeo
522 1509 659 1547 veneris
682 1509 772 1545 ritus
801 1513 982 1548 exercent.

363 1588 462 1627 Inter
495 1603 535 1628 ea
551 1617 562 1633 ,
598 1600 677 1638 quae
704 1587 863 1637 duplicia
890 1587 1024 1625 habent
1051 1587 1087 1624 &
1116 1598 1224 1636 parva
1249 1598 1410 1635 organa,
1447 1597 1526 1633 non
1550 1585 1718 1624 rariffime
1747 1598 1810 1624 an-

253 1646 412 1697 drogyni
443 1647 673 1697 reperiuntur
691 1673 702 1688 ‚
737 1652 779 1682 ut
809 1642 1011 1694 cancris),
1045 1644 1154 1682 etiam
1179 1644 1320 1694 cyprini
1335 1642 1412 1694 g),
1443 1642 1527 1692 gadi
1546 1642 1614 1690 h),
1644 1642 1805 1737 demun?

1792 1711 1806 1737 i

292 1756 322 1791 ο)
343 1755 372 1787 k.
407 1756 534 1787 Swensk.
549 1756 684 1785 wetensk.
700 1754 796 1783 handl.
814 1761 866 1791 175
872 1761 899 1787 9.
916 1763 945 1783 n.
959 1761 985 1783 2.

289 1797 324 1834 p)
348 1795 472 1825 Lisrizss.
487 1797 586 1827 Exere.
607 1802 687 1825 anat.
701 1797 742 1824 II.
769 1803 798 1831 p.
817 1803 862 1829 55.
884 1796 932 1825 61.
953 1802 999 1831 70.

289 1837 321 1875 q)
344 1837 514 1865 Anmzsom.
535 1845 562 1873 p.
585 1845 628 1872 3¹-
647 1845 752 1872 penem
768 1833 873 1863 habere
887 1834 913 1863 6<
927 1833 1087 1870 proximam
1103 1831 1230 1864 vulvam-

291 1877 322 1914 ν)
345 1876 452 1906 Penem
478 1877 504 1906 δι
525 1874 642 1906 vulvam
665 1875 790 1906 Lissus.
814 1875 887 1904 Phil.
908 1871 1015 1914 Trans:
1034 1883 1062 1904 n.
1081 1881 1148 1910 229.

291 1919 318 1952 s)
341 1918 415 1947 Phil.
438 1914 544 1956 Trans.
561 1926 591 1945 n.
611 1919 675 1951 146.
719 1915 895 1945 Rursum„

291 1958 319 1989 t)
342 1956 522 1987 VALisxsss..
543 1965 616 1994 oper.
638 1955 665 1985 T
688 1955 709 1985 l.
731 1965 758 1994 p.
777 1960 844 1992 278.
864 1954 922 1985 tab.
944 1964 987 1992 35.

290 2000 325 2029 u)
349 1997 453 2026 Penem
467 2019 474 2031 ,
499 1996 581 2026 testes
595 2018 604 2031 .
628 1997 655 2026 Sc
674 2005 728 2026 ova
741 1995 850 2025 habent
871 1996 942 2025 Phil.
964 1993 1069 2033 Trans
1083 2004 1111 2023 n.
1128 2001 1194 2031 233.
1211 1998 1277 2028 244'.

291 2040 339 2071 w)
364 2037 524 2066 POUPARF.
548 2039 654 2074 Journ.
672 2038 719 2065 dec
732 2039 796 2067 Sav.
814 2045 878 2065 ann.
898 2039 982 2073 1696.
1010 2036 1067 2065 bed
1087 2044 1147 2064 non
1170 2032 1209 2064 est
1229 2033 1265 2063 ad
1283 2041 1395 2067 manus.

293 2082 328 2106 xl
352 2078 509 2106 ADANsov
540 2078 683 2115 coquillag.
704 2086 731 2113 p.
750 2076 832 2106 [ΝΠ.
848 2109 854 2115 ,

283 2119 321 2154 y)
346 2118 513 2147 ADANson.
545 2118 651 2156 coquill.
668 2116 686 2146 l.
701 2126 726 2149 c.
745 2118 772 2147 δι
789 2116 822 2146 ΙΙ.
841 2125 868 2155 p.
886 2125 929 2146 xe.

291 2158 323 2190 a)
346 2158 478 2188 BAs'rau.
498 2157 518 2187 Ι.
543 2166 568 2194 p.
589 2167 635 2191 40.

290 2199 321 2232 h)
346 2199 510 2228 nnnnson.
529 2198 636 2236 coquit).
650 2206 750 2235 [λης.
765 2196 846 2226 addit
856 2195 939 2227 facile
950 2195 1091 2235 distingui..

291 2239 319 2271 εὗ
346 2238 461 2268 Ltsrss
493 2241 591 2270 Exere.
609 2244 689 2268 anat.
704 2238 767 2270 Ait.
791 2247 820 2276 p.
839 2245 865 2275 7.
885 2242 913 2272 8.
1024 2235 1026 2237 ’
1063 2239 1066 2242 “

294 2279 422 2308 ‹ii-Phil.
453 2276 558 2316 Trans
586 2288 614 2309 n.
636 2281 702 2313 14⁶·

290 2320 317 2349 e)
341 2319 414 2348 Phil.
451 2320 482 2349 T
481 2317 557 2357 runJJ
585 2328 612 2347 n.
631 2328 702 2356 413.

318 2365 325 2392 )
350 2359 388 2388 ib.

286 2356 321 2436 {N
347 2399 438 2436 Conp,
455 2401 562 2428 Comm.
580 2401 655 2429 Gott.
670 2399 704 2429 T.
717 2398 738 2429 1.
755 2409 781 2436 p.
798 2407 844 2428 21.
886 2397 933 2428 Du
952 2397 1081 2429 ΗΑΜη.
1107 2394 1178 2435 Hzst.
1193 2395 1286 2426 Acad.
1301 2395 1404 2425 Scient.
1420 2402 1450 2432 p.
1466 2402 1531 2430 254.

291 2439 325 2476 h)
345 2439 479 2469 BAsran.
496 2440 641 2482 uytspunn.
659 2439 693 2470 T.
706 2439 726 2470 1.
750 2439 780 2471 L.
793 2438 842 2469 ΠΙ.
865 2447 894 2476 p.
912 2447 976 2476 137.
993 2442 1058 2475 138,
1082 2436 1139 2466 tab.
1161 2439 1193 2464 15
