1955 2732
322 130 406 172 3128
798 121 1426 166 ADDENDA.

377 223 418 264 P.
443 235 459 262 r
474 235 533 262 ro.
575 222 668 262 Vasa
686 223 829 262 minora
854 223 995 260 invenit
1027 221 1067 260 A.
1097 233 1130 260 v.
1164 219 1227 260 Lx
1245 233 1264 259 ε
1278 233 1303 258 u
1320 233 1358 259 w
1375 231 1433 258 EN
1451 230 1514 258 uo
1530 231 1588 258 εκ
1617 217 1735 261 decies
1757 224 1903 262 tenuio-

322 296 362 324 ra
387 285 500 324 rubro
525 283 685 333 globulo
717 283 822 322 Anat.
853 283 890 320 &
913 282 1088 329 contempl.
1122 293 1157 331 p.
1185 292 1247 326 3¹-
1277 281 1358 319 add.
1396 281 1526 318 Arcan.
1564 281 1679 317 cletta.
1710 293 1743 331 p.
1769 291 1826 321 16.

380 342 419 382 P.
461 354 552 388 130.
603 340 899 387 Numerofiffima
935 340 1102 390 exempla
1142 353 1315 379 venarum
1347 340 1480 390 sponte
1509 346 1701 388 ruptarum
1735 341 1898 392 collegi,

323 415 482 454 quorum
516 403 676 441 auctores
706 405 862 444 omitto,
896 412 996 439 venae
1025 412 1138 444 cavae,
1173 401 1247 439 fine
1269 402 1369 450 pari,
1406 398 1616 450 epiploicae,
1652 400 1897 446 mesocolicae,

323 463 652 506 haemorrhoideae,
686 462 823 504 iliacae,
858 460 1048 511 saphenae,
1082 461 1279 511 poplsteae,
1314 456 1431 510 pedis.

382 522 422 563 P.
448 532 537 568 135.
588 522 674 560 Aliae
698 521 872 560 mensurae
900 531 1076 559 venarum
1109 532 1278 559 cavarum
1309 531 1354 557 ex
1381 521 1471 557 meis
1504 518 1810 559 adnotationibus.

383 583 559 631 Superior
586 592 648 628 57.
680 588 774 620 cent.
806 588 907 619 aorta
941 591 1003 627 52.

383 640 560 691 Superior
582 651 647 688 25.
677 641 723 681 ad
748 640 866 679 iliacas
902 647 967 684 28.
992 647 1093 679 aorta
1130 647 1189 677 16.

384 700 558 751 Superior
591 711 658 747 44.
689 700 839 739 inferior
870 710 932 747 55.

397 759 436 799 P.
462 771 551 807 137.
599 759 765 804 Ostiola,
800 771 881 811 quae
912 760 1010 810 apud
1043 759 1341 798 CANNANUM
1373 759 1408 797 fe
1444 757 1566 797 vidisse
1597 760 1803 799 AMATus
1825 759 1906 797 scri-

325 820 399 863 bit,
434 832 507 870 ego
533 832 612 858 non
650 822 794 870 reperio
825 819 871 858 H.
916 820 943 858 B
959 832 1110 859 oscus
1126 810 1265 869 fircults
1288 825 1383 857 anat.
1417 831 1454 868 p.
1477 830 1538 865 54.

385 879 424 918 P.
450 885 541 924 138.
595 878 763 918 Valvulas
793 880 932 918 invenit
971 879 1008 918 P.
1044 879 1263 917 Siamus
1290 890 1336 916 ex
1363 878 1617 927 philosophica
1645 879 1904 921 meditatione,

329 944 372 977 ut
396 937 480 977 effet
496 967 506 983 ‚
542 938 645 989 quod
671 936 885 989 sanguinem
919 939 1105 978 sustineret
1143 938 1181 977 P.
1220 937 1247 976 F
1264 951 1284 975 υ
1301 949 1392 975 roz
1408 950 1432 975 N
1450 949 1566 975 T1us
1604 939 1643 975 in
1667 941 1746 976 vita
1774 951 1808 988 p.
1840 944 1903 980 28.

329 999 368 1035 δε
395 997 557 1037 (Ξευεε
573 1010 695 1041 Lini
727 1001 766 1037 in
790 1002 878 1037 vita.
915 1012 951 1049 p.
978 1009 1042 1043 23.
1064 1008 1129 1045 24.
1152 1008 1216 1045 25.
1247 1000 1312 1049 qui
1337 997 1608 1047 autographum
1641 997 1907 1036 documentum

325 1065 422 1096 citat.
1581 1099 1584 1102 Α

389 1118 427 1157 Ρ.
457 1129 545 1165 ¹52-
581 1120 694 1169 Aquae
721 1118 886 1157 resorbtae
916 1120 1165 1169 experimenta
1194 1117 1304 1156 habet
1321 1119 1358 1155 in
1379 1118 1524 1167 pectore
1555 1116 1731 1156 Bmcn.
1765 1116 1809 1154 T.
1831 1115 1905 1155 IV.
1946 1136 1947 1140 =

328 1188 477 1228 p.213.
507 1189 602 1225 294.
647 1189 740 1222 321.
778 1180 816 1216 δε
844 1178 965 1217 mulsae
998 1179 1253 1217 SANCTOR.
1287 1179 1324 1215 in
1353 1177 1378 1215 Ι.
1409 1178 1490 1215 Fen.
1526 1179 1626 1215 Avic.
1661 1190 1698 1227 p.
1738 1183 1828 1219 108-
1872 1176 1909 1213 &

328 1237 434 1288 sapor
457 1239 577 1286 injecti
597 1239 762 1277 humoris
786 1240 824 1276 in
855 1251 920 1276 ore
939 1245 1132 1288 perceptus
1158 1239 1207 1276 est
1235 1237 1262 1275 Β
1279 1250 1302 1275 0
1319 1249 1410 1274 vii-3
1438 1236 1551 1285 porofi
1581 1245 1672 1284 corp.
1698 1249 1731 1286 p.
1770 1247 1830 1282 14.
1866 1234 1909 1273 In

329 1298 528 1336 abdomine
554 1298 754 1336 resorbtam
782 1310 913 1349 aquam
934 1327 942 1341 ,
979 1299 1023 1336 ab
1045 1298 1198 1335 incisore
1225 1296 1438 1346 impulsam,
1463 1296 1572 1334 refert
1599 1295 1762 1334 Pss‘rir
1799 1293 1914 1333 traitc‘

329 1359 385 1396 cies
410 1370 445 1395 ος
471 1370 506 1407 p.
529 1368 622 1404 355.
651 1358 911 1396 TANARON
948 1359 1033 1396 chir.
1072 1358 1115 1396 T.
1137 1357 1193 1395 ΙΙ.
1217 1370 1251 1406 p.
1282 1362 1404 1401 139.'

391 1415 428 1453 P.
459 1423 551 1453 160.
588 1422 678 1453 162.
729 1416 773 1454 In
813 1417 972 1464 epistolis
1004 1417 1237 1453 Wormianis
1272 1429 1351 1453 non
1379 1415 1520 1453 dudum
1555 1415 1692 1453 excusis
1724 1415 1879 1463 legimus
1897 1426 1920 1456 ς»

330 1475 423 1513 Wo
439 1488 460 1512 R
476 1487 505 1513 iu
521 1487 532 1512 1
548 1487 612 1512 UM
641 1476 747 1513 Sueci
767 1475 812 1512 de
838 1474 923 1512 vasis
946 1474 1175 1524 lymphaticis
1200 1475 1392 1512 inventum
1411 1472 1610 1522 exspectare
1640 1485 1672 1518 ς.
1700 1474 1796 1511 Nor).
1823 1486 1906 1510 ann.

335 1541 458 1579 1653.
501 1535 561 1582 Ep.
600 1531 721 1579 1017.
754 1535 791 1570 ὃς
829 1534 1017 1571 tractatum
1047 1533 1092 1569 dc
1122 1534 1163 1569 iis
1193 1532 1278 1569 valis
1307 1544 1352 1569 ex
1372 1532 1500 1569 Suecia
1525 1531 1702 1570 advenisse
1737 1543 1798 1576 13.
1829 1531 1906 1581 Jan.

331 1595 418 1634 anni
450 1600 572 1640 1654.
622 1592 685 1643 Ep.
716 1604 837 1637 1019.
902 1591 1047 1631 Neutro
1074 1591 1209 1630 v.10c0
1238 1591 1283 1629 de
1313 1591 1521 1630 Burrio
1540 1604 1663 1630 Lino
1689 1591 1754 1630 suo
1774 1599 1914 1641 nepote,

333 1653 533 1703 quidquam
559 1653 667 1691 addit,

392 1713 430 1750 P.
462 1720 552 1759 167.
588 1714 644 1751 Ab
667 1724 766 1750 anno
799 1720 920 1759 1746.
945 1712 980 1750 se
1009 1712 1086 1749 vasa
1109 1710 1330 1762 lymphatica
1352 1724 1421 1762 pro
1444 1711 1631 1760 systemate
1657 1711 1823 1750 vasorum
1851 1711 1912 1748 ab«

333 1772 559 1811 sorbentium
589 1773 746 1810 habere:
780 1784 899 1821 neque
924 1771 1028 1809 facile
1055 1784 1095 1808 ea
1131 1783 1195 1820 per
1232 1773 1374 1809 arterias
1408 1771 1561 1821 repleri,
1610 1770 1675 1808 nisi
1707 1772 1806 1820 prius
1837 1782 1913 1808 cre-

334 1834 482 1882 puerint
509 1832 554 1871 G.
590 1831 627 1871 H
645 1843 811 1869 UNTER
853 1835 1041 1869 comment.
1077 1843 1111 1880 p.
1141 1841 1173 1876 5.
1206 1841 1219 1866 1
1237 1842 1267 1868 1.
1304 1829 1452 1881 Repleri
1481 1832 1587 1868 etiam
1605 1858 1615 1873 ,
1649 1831 1736 1868 teste
1761 1830 1913 1880 paulum

337 1891 516 1935 contuso,
552 1902 632 1930 tum
656 1903 721 1940 per
748 1891 913 1929 foramen
939 1890 1140 1939 albugineae
1169 1891 1301 1928 tunicae
1323 1886 1484 1940 impulso
1509 1895 1589 1928 aere
1619 1902 1655 1940 p.
1680 1897 1714 1933 8.
1737 1901 1750 1926 1
1767 1901 1798 1927 1.
1834 1890 1870 1927 &
1893 1902 1913 1930 a

335 1951 529 2002 putredine
551 1953 587 1989 δι
610 1949 797 1989 cellulosas
817 1950 1024 1989 cavernulas
1043 1951 1081 1987 δε
1098 1949 1175 1987 vasa
1201 1949 1420 1998 lymphatica
1444 1949 1599 1999 inpleri,
1633 1949 1799 2000 adeoque
1811 1960 1915 1988 com-

335 2012 522 2053 municare
553 2011 767 2051 Bessrm.
802 2008 917 2051 llsIe‘m.
953 2012 992 2048 de
1028 2010 1158 2048 I'Acad.
1191 2021 1273 2047 ann.
1306 2019 1427 2056 1744.
1460 2021 1495 2058 p.
1521 2015 1583 2052 81.

396 2071 437 2108 L.
459 2070 545 2110 ΙΙΙ.
580 2084 615 2122 p.
644 2081 738 2115 219.
789 2069 885 2109 Cum
916 2071 1042 2108 arteria
1072 2071 1110 2107 in
1137 2080 1226 2108 cane
1250 2068 1328 2106 lino
1359 2070 1659 2119 interciperetur,
1694 2069 1732 2107 ἀ
1760 2080 1850 2107 vena
1880 2069 1913 2106 ei

337 2130 561 2180 respondens
581 2130 822 2173 incideretur,
848 2131 900 2168 vis
918 2130 1068 2180 quidem
1089 2128 1270 2178 sanguinis
1289 2128 1394 2166 frasta
1411 2129 1461 2167 est
1475 2157 1485 2172 ‚
1520 2136 1561 2167 ut
1578 2136 1701 2167 tamen
1721 2129 1760 2166 in
1777 2134 1933 2177 vegeto,
1954 2136 1955 2171 j

338 2201 427 2234 cane
458 2199 626 2241 pergeret
652 2202 730 2228 non
756 2191 980 2240 interruptus
1012 2188 1292 2227 MORGAGN.
1316 2188 1389 2237 sed.
1421 2187 1511 2238 causi
1547 2188 1668 2226 morb..
1700 2189 1725 2225 1.
1752 2199 1787 2236 p.
1816 2194 1907 2237 131,
1954 2235 1955 2238 Ἴ

397 2248 433 2286 Ρ.
465 2258 558 2289 226.
607 2250 665 2289 nd
691 2250 911 2299 chirurgiam
931 2248 1153 2287 infusoriam.
1202 2247 1334 2291 Ursus,
1369 2261 1481 2299 quem
1506 2247 1582 2286 dira
1603 2258 1741 2287 venena
1759 2259 1838 2285 non
1861 2246 1914 2292 vi,

340 2317 488 2355 ceram,
521 2324 541 2349 a
571 2311 707 2361 sagittis
738 2309 959 2348 Americanis
984 2310 1078 2348 intra
1107 2319 1144 2356 4.
1178 2320 1211 2358 ς,
1250 2309 1390 2348 minuta
1417 2308 1516 2348 horae
1542 2306 1680 2347 occisus
1714 2306 1773 2346 est.
1816 2304 1908 2356 Hist.

1876 2379 1914 2417 de
