1955 2732
311 109 398 144 292
797 96 894 139 LIB.
917 98 1066 138 XXIX.
1126 99 1154 138 F
1183 97 1212 138 E
1242 100 1276 139 T
1304 100 1341 139 U
1369 100 1405 139 S.

316 207 426 244 nuior
446 205 513 250 fit,
546 205 765 257 impellitur,
786 208 851 245 δι’
841 220 880 244 111
900 220 953 250 ea,
972 215 1160 255 tamquam
1181 208 1219 244 in
1242 209 1369 258 quieto
1389 207 1496 251 loco,
1530 209 1567 246 δε
1586 209 1681 248 ultra
1699 207 1877 250 fluentum

318 262 499 356 sanguiffis
527 263 670 327 posito,
703 264 879 314 quiescit,
913 264 1124 313 duplicique
1155 265 1192 302 vi
1213 264 1258 301 ad
1283 266 1435 314 parietes
1460 264 1528 303 suae
1545 265 1680 306 scrobis
1707 267 1876 312 adhaeret,

321 319 358 355 ἃς
375 331 441 370 pre
483 321 573 358 onis.

437 400 570 450 Neque
595 401 656 439 hic
682 400 845 443 adtinet,
879 411 958 451 quae
984 398 1025 437 fit
1050 399 1185 438 scrobis
1201 395 1357 449 ·figura';
1387 413 1472 439 nam
1511 401 1641 450 gluten
1676 403 1714 440 in
1751 415 1879 443 omnes

324 455 455 505 figuras
482 457 585 494 facile
614 457 647 494 se
675 457 828 506 adaptat.

438 537 539 575 Fecit
564 550 653 587 ergo
675 545 802 575 natura
819 566 828 580 ,
861 544 902 575 ut
922 537 1049 574 eadem
1069 536 1170 595 causa
1186 565 1196 579 ‚
1231 549 1310 587 quae
1334 537 1512 576 elementa
1531 537 1721 584 distrahit,
1753 541 1880 579 eadem

324 605 420 632 nova
451 596 600 632 materie
628 594 822 643 interpulsa
843 595 945 631 uniat
970 595 1006 630 δι
1031 593 1244 631 consolidet.
1489 605 1499 614 ·

439 674 669 724 Compreffio
694 677 830 712 arteriae
847 704 856 718 ,
890 687 969 725 quae
993 675 1074 724 post
1103 674 1345 724 pulsationem
1366 673 1525 713 succedit
1547 703 1557 718 ‚
1589 675 1730 725 'aquam
1759 679 1879 726 potest

323 729 369 767 de
398 730 524 768 scrobe
561 731 740 780 expellere
759 760 769 774 ,
802 733 841 769 in
869 733 1003 769 arteriae
1035 733 1240 780 principem
1273 732 1444 769 tubulum
1474 732 1647 775 reddere,
1681 733 1728 770 fic
1750 734 1879 782 gluten

322 786 488 824 scrobem
517 799 701 836 occupans
730 788 901 825 densare:
934 788 1051 837 potest
1079 788 1115 825 Sc
1148 787 1369 836 superfluum
1395 787 1523 836 gluten
1549 790 1780 837 exprimere3
1812 803 1879 828 cae-

323 850 442 880 terum
468 845 558 893 quin
585 843 707 881 scrobs
734 844 953 893 impleatur,
986 843 1163 892 impedire
1188 856 1268 880 non
1295 844 1421 889 potest.
1484 844 1581 881 Nam
1611 846 1646 881 &
1677 846 1796 883 cordis
1825 849 1878 884 vis

324 901 533 936 arteriarum
564 899 795 937 resistentiam
823 901 986 949 superat,
1019 911 1083 947 per
1115 899 1333 948 hypothesin
1352 928 1360 942 ‚
1398 900 1434 935 δε
1459 900 1610 937 adhaefio
1638 914 1657 938 a
1691 903 1726 939 vi
1762 902 1879 939 adtra-

325 954 395 991 stili
421 956 564 1002 juvatur
585 984 594 998 ,
624 958 660 992 &
687 957 887 993 contractio
915 957 1050 992 arteriae
1072 956 1110 991 in
1134 955 1217 992 sede
1241 955 1379 994 scrobis
1406 955 1561 994 debilior
1586 957 1660 1001 est,
1694 958 1795 1008 quod
1827 959 1879 996 ibi

323 1010 435 1048 solida
461 1024 542 1060 pars
565 1013 700 1049 arteriae
721 1014 840 1050 minus
865 1011 972 1050 crassa
996 1011 1045 1048 sit.

436 1091 570 1142 Neque
594 1093 671 1130 haec
692 1100 899 1142 repugnant
924 1091 1200 1133 addensationi,
1233 1081 1344 1140 quam
1370 1092 1558 1135 diximus,
1592 1096 1751 1131 arteriae:
1783 1108 1822 1133 ea
1839 1095 1880 1133 fit

314 1159 342 1184 ‚a
369 1147 502 1186 lamina
526 1150 652 1186 intima
677 1151 812 1187 arteiiae
834 1149 877 1186 ad
905 1151 1079 1186 extimam
1102 1147 1283 1197 adpreffa3
1314 1160 1434 1197 neque
1450 1149 1630 1198 impedit,
1664 1152 1752 1199 quin
1773 1151 1879 1189 didu-

323 1203 375 1240 &a
397 1204 528 1242 lamina
550 1203 701 1248 filma,
735 1207 844 1243 etiam
874 1205 1097 1243 intermediae
1121 1205 1274 1254 aliquae,
1308 1205 1494 1242 intervalla
1517 1205 1692 1249 habeant,
1722 1219 1801 1257 quae
1812 1195 1878 1245 di-

322 1260 527 1304 ducantur,
555 1270 595 1300 ut
614 1274 714 1301 nunc
737 1262 854 1300 modo
881 1263 967 1299 duri.

726 1378 760 1420 §.
793 1373 900 1413 XVI.
962 1372 1046 1410 Haec
1067 1374 1105 1410 in
1129 1377 1201 1410 toto
1222 1380 1365 1420 corpore
1379 1372 1485 1420 fiunt.

436 1461 582 1500 Locum
603 1463 710 1501 habet
732 1463 868 1513 duplex
889 1464 965 1502 hoc
985 1465 1196 1502 nutritionis
1218 1491 1228 1505 ,
1245 1463 1281 1499 ἅ
1299 1464 1525 1507 incrementi,
1547 1475 1663 1511 genus
1681 1465 1719 1501 in
1739 1463 1777 1508 ιι)
1793 1477 1876 1503 cor-

323 1531 414 1567 pore
448 1519 614 1556 universo
635 1548 644 1562 ,
679 1522 716 1557 in
750 1519 835 1558 vafis
863 1521 1034 1558 omnibus
1051 1519 1089 1563 h)
1116 1520 1255 1567 magnis
1286 1520 1502 1569 parvisque,
1537 1523 1575 1557 in
1608 1520 1774 1558 cellulosa
1806 1521 1876 1560 tela

325 1575 428 1611 omni
445 1603 455 1617 ‚
482 1587 527 1612 ex
548 1587 619 1624 qua
640 1605 650 1619 ‚
684 1584 812 1625 praeter
847 1576 943 1613 fibrae
967 1577 1062 1614 forte
1089 1575 1295 1612 muscularis
1315 1584 1456 1624 partem
1471 1604 1481 1619 ,
1510 1588 1630 1625 neque
1654 1576 1746 1614 hanc
1773 1585 1875 1615 certo

327 1638 516 1679 exceptam
533 1660 543 1674 ‚
569 1631 706 1681 reliqua
729 1635 853 1670 omnia
870 1634 906 1669 in
931 1644 1088 1681 corpore
1115 1631 1276 1669 humano
1297 1631 1510 1670 formantur.
1553 1631 1597 1670 In
1622 1634 1739 1681 parvis
1758 1633 1877 1671 adheu-

324 1687 430 1724 {ionis
455 1689 508 1724 vis
528 1689 644 1735 major
669 1689 718 1725 est
734 1718 744 1732 ,
777 1690 814 1725 in
838 1690 981 1737 magnis
1009 1690 1062 1724 vis
1089 1687 1287 1737 impellens.

437 1767 551 1805 Fibrae
576 1769 785 1807 muscularis
807 1771 964 1806 maxima
990 1781 1069 1818 pars
1105 1769 1140 1805 δε
1163 1768 1235 1817 ipsa
1262 1768 1304 1805 ad
1327 1768 1533 1806 cellulosam
1563 1770 1671 1806 telam
1697 1771 1874 1818 pertinet:

327 1837 364 1861 ea
393 1828 491 1860 (1111111
524 1826 560 1861 &
586 1825 773 1863 fasciculos
797 1826 961 1874 colligit,
985 1837 1029 1862 ex
1049 1825 1181 1873 quibus
1206 1837 1245 1861 ea
1265 1824 1352 1860 fibra
1378 1825 1568 1867 coalescit,
1589 1827 1627 1862 ὃς
1646 1826 1782 1863 vascula
1800 1827 1876 1872 ejus

327 1883 475 1917 minima
493 1881 664 1930 sequitur.
727 1883 762 1919 Si
786 1882 874 1930 quid
900 1884 938 1918 in
964 1894 1002 1918 ea
1022 1880 1108 1918 fibra
1134 1881 1315 1928 peculiare
1333 1880 1383 1917 est
1398 1909 1407 1923 ,
1437 1893 1457 1917 a
1482 1881 1715 1918 cellulofitate
1739 1882 1876 1930 vulgari

327 1937 529 1979 diversum,
566 1938 602 1973 δι
627 1937 745 1986 ipsum
772 1938 960 1975 exhalante
988 1937 1032 1974 de
1060 1936 1206 1974 vasculis
1232 1936 1388 1974 humore
1407 1965 1416 1979 ‚
1451 1937 1486 1972 &
1513 1936 1771 1974 adhaerescente
1792 1966 1801 1979 ‚
1830 1937 1877 1974 ali

326 1993 514 2042 probabile
538 1992 586 2030 fit.
647 1993 860 2032 Medullaris
879 1994 991 2042 pulpa
1010 1994 1080 2035 est,
1108 1992 1209 2042 quod
1232 1992 1411 2040 peculiare
1437 1992 1544 2029 habet
1565 2021 1574 2035 ,
1606 2005 1670 2042 per
1691 1993 1876 2031 cenulosas

326 2048 430 2085 filu-as
457 2049 648 2096 conjuncta
663 2078 673 2092 ,
707 2050 743 2086 ὃς
765 2052 803 2087 in
830 2051 904 2097 ejus
928 2050 1006 2086 telae
1031 2048 1215 2086 intervalla
1239 2048 1363 2086 succus
1390 2050 1572 2097 recipitur.

436 2129 614 2178 lnaequale
633 2137 754 2167 tamen
776 2130 945 2169 haetenus
962 2132 1229 2168 merenientum
1245 2129 1294 2166 est
1308 2158 1316 2171 ,
1338 2129 1485 2178 aliaeque
1504 2136 1620 2178 partes
1640 2158 1648 2172 ‚
1682 2142 1761 2179 quae
1776 2131 1875 2179 prius

328 2185 402 2222 aliis
430 2186 661 2227 evolvuntur,
684 2198 752 2234 pro
767 2189 940 2235 portione
953 2198 1052 2223 nunc
1074 2187 1191 2222 minus
1222 2186 1406 2227 mestum,
1438 2187 1528 2224 dum
1556 2186 1630 2222 aliae
1660 2186 1808 2223 celerius
1838 2187 1874 2223 in

1739 2253 1875 2278 novam

368 2294 399 2330 ι)
421 2293 620 2322 BOFRHAAVR
645 2294 750 2322 Comm.
763 2292 797 2323 T.
817 2294 863 2324 HI.
879 2304 906 2332 Ρ.
924 2297 990 2331 663
1004 2297 1071 2331 667

333 2335 406 2401 mle
423 2333 687 2411 ¹(Piirgecaisss—Jtcludit
703 2334 808 2363 vanua
796 2343 911 2370 neap
938 2345 1000 2370 1ος.
1017 2337 1043 2364 &¹
1061 2331 1383 2372 F.QusssNA1fiaepp117.
1402 2343 1430 2373 p.
1448 2337 1515 2371 267.
1540 2343 1600 2371 quw
1620 2334 1740 2371 reparati
1742 2344 1797 2363 one
1818 2343 1876 2364 ma-
