1955 2732
299 143 380 179 440
788 128 882 168 ΜΒ.
905 127 1050 168 XXIX.
1113 126 1141 168 F
1170 126 1200 168 Ε
1229 129 1263 168 T
1293 129 1329 168 U
1357 130 1390 169 s.

297 238 366 276 silis
391 236 427 285 q)
466 235 534 278 fit,
566 241 646 273 tum
675 236 775 286 quod
808 249 826 273 a
852 235 930 273 dur'
961 237 989 272 ri
1013 237 1129 285 capite
1146 236 1184 280 r)
1209 236 1459 274 vehementius
1482 238 1660 287 repleatur
1682 268 1691 282 ,
1724 240 1854 280 disten-

300 295 404 332 datur
420 322 430 336 ,
468 291 691 331 confricetur
708 321 717 335 ‚
751 304 860 342 quam
889 298 929 330 ut
971 305 1012 330 us
1043 304 1060 328 a
1085 292 1228 344 reliquo
1255 292 1349 330 fetus
1370 292 1545 341 glomere.
1607 296 1662 333 Ab
1686 295 1752 335 hac
1773 296 1854 335 refi-

302 352 428 388 stentia
456 350 605 387 cervicis
622 377 632 392 ‚
672 350 709 386 &
734 347 888 387 univerfi
917 351 1009 387 uteri
1035 347 1097 391 fit,
1130 355 1170 387 ut
1192 349 1289 387 lente
1317 350 1353 386 &
1379 350 1512 399 absque
1540 351 1651 388 nimia
1682 353 1855 391 violentia

306 408 438 446 ostium
459 408 642 442 internum
666 407 867 454 aperiatur,
900 418 920 442 a
937 405 1051 443 subita
1073 407 1170 443 enim
1191 405 1400 444 dilatatione
1422 406 1560 444 facilius
1580 407 1794 447 laceraretur
1810 410 1854 454 s).

418 487 586 526 Omnino
614 498 692 523 non
716 491 790 535 agit
818 488 942 524 cervix
961 515 971 529 ,
1005 487 1151 536 quando
1176 495 1299 526 uterus
1317 515 1326 530 ,
1361 488 1397 525 δε
1420 500 1491 526 una
1519 490 1662 532 cervix,
1680 503 1700 528 a
1722 491 1856 528 viribus

304 552 427 596 partus
456 541 656 581 tenuiffima
685 542 716 587 t)
739 543 877 582 reddita
898 544 955 581 est.
1016 543 1143 593 Itaque
1169 556 1213 582 eo
1243 552 1412 593 ternpore
1442 545 1716 594 respirationem
1745 547 1857 584 solam

306 601 443 639 valere:
474 600 509 636 δι
535 600 578 636 ab
602 601 759 649 impacto
784 603 901 650 capite
923 601 1055 638 ostium
1080 603 1174 638 uteri
1200 600 1338 638 dilatari
1368 601 1586 650 persuadeor
1605 630 1614 644 ,
1646 609 1687 640 ut
1716 604 1760 640 ab
1789 605 1858 640 im-

305 658 405 708 padta
437 657 537 694 urina
564 656 685 694 veficae
712 657 845 695 ostium
870 659 913 700 v)
931 656 1124 696 diducitur.
1186 656 1216 694 A
1241 658 1376 695 viribus
1403 659 1510 695 etiam
1532 658 1735 696 transversis
1764 661 1858 697 uteri

307 715 424 752 fetum
452 713 613 750 sustineri
627 742 637 756 ‚
669 726 715 751 ne
744 726 762 752 a
779 713 956 762 pressione
971 713 1250 763 diaphragmatis
1268 714 1458 762 praevalida
1476 715 1513 751 in
1530 714 1735 762 glomerem
1756 728 1860 753 com-

306 773 484 820 primatur
498 798 508 813 ,
542 770 754 820 rediumqu'e
779 770 907 809 servari
933 771 970 808 &
991 770 1144 821 cylindri
1162 770 1313 808 similem
1337 772 1457 808 minus
1479 770 1577 813 latae,
1599 771 1644 809 de
1666 783 1736 821 qua
1751 778 1860 821 caput

309 833 447 877 praeeat.

423 906 585 953 Quando
614 915 723 956 caput
749 909 785 945 in
806 910 936 956 vagina
957 919 1056 945 nunc
1077 907 1126 944 est
1143 935 1153 949 ‚
1186 914 1274 944 tunc
1299 907 1442 945 videtur
1461 936 1470 950 ,
1504 907 1607 944 fibras
1640 911 1734 947 uteri
1766 910 1861 946 circa

310 966 425 1003 fctum
449 963 632 1013 reliquum
656 965 855 1002 contractas
869 993 879 1007 ,
911 965 954 1001 ad
977 963 1248 1013 expediendum
1271 970 1413 1012 partum
1432 963 1474 1009 z)
1504 963 1639 1014 aliquid
1670 966 1859 1009 conferre,

309 1020 504 1072 aliquando
528 1021 565 1057 &
588 1032 722 1058 nocere
737 1049 748 1063 ‚
781 1028 1013 1071 mortemque
1036 1021 1259 1069 praecipitare
1274 1019 1326 1066 y).

424 1101 592 1141 Omnino
619 1109 661 1140 ut
686 1102 882 1152 aliquando
902 1115 922 1140 a
948 1109 1070 1140 morte
1095 1102 1253 1139 intestini
1281 1101 1480 1139 contraffio
1509 1100 1692 1150 scybalum
1719 1101 1863 1151 expres-

311 1159 352 1196 fit
370 1157 439 1205 θεὸς
474 1160 528 1196 uti
559 1160 596 1195 in
625 1158 697 1196 fine
734 1161 842 1196 etiam
882 1161 958 1207 ejus
987 1160 1163 1201 aelionis,
1196 1157 1344 1207 quando
1376 1170 1395 1194 a
1427 1157 1661 1206 respiratione
1686 1157 1864 1207 sphincter

311 1216 495 1264 superatus
517 1215 566 1252 est
586 1243 595 1257 ‚
628 1216 664 1251 &
690 1214 801 1252 vefica
820 1215 859 1259 a)
874 1244 883 1259 ‚
924 1217 960 1253 &
994 1216 1204 1253 intestinum
1235 1215 1374 1252 rectum
1391 1213 1428 1258 h)
1447 1242 1457 1257 ‚
1489 1213 1665 1263 reliquam
1690 1216 1832 1252 urinam
1850 1242 1860 1258 ,

312 1272 499 1322 reliquum
526 1272 658 1309 stercus
683 1272 841 1321 expedit.

426 1353 648 1402 Sanguinem
670 1355 778 1391 etiam
797 1352 948 1391 effusum
969 1381 979 1395 ‚
1006 1359 1068 1390 aut
1087 1364 1239 1401 grumos
1259 1353 1319 1397 c),
1343 1351 1421 1389 haec
1444 1351 1643 1388 contractio
1671 1353 1863 1400 exprimit,

313 1409 394 1458 post
420 1410 537 1446 fetum
561 1409 701 1446 editum
717 1438 727 1452 ,
763 1411 799 1446 &
824 1410 1018 1460 aliquando
1035 1409 1238 1458 placentam
1258 1407 1324 1452 d),
1355 1407 1445 1445 dum
1468 1409 1601 1445 cervici
1619 1408 1786 1446 nondum
1812 1410 1867 1446 vi-

313 1478 368 1503 res
392 1465 460 1503 suae
483 1465 664 1502 redierint.

428 1546 648 1595 Plerumque
673 1553 793 1583 tamen
814 1559 860 1583 ne
886 1546 1089 1595 placentam
1112 1545 1261 1594 quidem
1291 1545 1363 1582 sola
1386 1556 1425 1581 ea
1452 1545 1504 1581 vis
1534 1545 1579 1581 de
1606 1551 1712 1582 utero
1732 1530 1870 1584 'detur-

316 1603 377 1640 bat
392 1631 402 1645 ,
437 1604 474 1639 Sc
497 1610 656 1651 oportet,
675 1603 821 1640 levioris
846 1603 996 1652 quidem
1015 1630 1025 1645 ,
1057 1601 1299 1651 inspirationis
1325 1600 1503 1639 auxilium
1519 1601 1698 1639 adhibere.

430 1683 522 1721 Non
546 1685 743 1727 morabor,
780 1684 806 1722 fi
842 1684 973 1721 melior
1005 1691 1174 1721 anatome
1198 1684 1292 1720 uteri
1322 1684 1412 1721 vires
1449 1682 1577 1719 rectius
1603 1683 1800 1720 evolverit:
1844 1682 1870 1720 fi

318 1742 518 1791 repererit,
550 1741 633 1777 alias
660 1742 703 1778 ab
734 1743 774 1778 iis
793 1770 803 1785 ‚
836 1753 923 1791 quas
948 1742 1068 1782 novi,
1104 1739 1300 1781 &officim
1334 1741 1392 1776 cui
1413 1738 1652 1781 destinantur,
1687 1751 1808 1788 pares,
1833 1740 1870 1776 δε

319 1798 455 1834 alterne
483 1804 652 1846 potentes
686 1797 790 1836 fibras
808 1827 818 1841 ,
861 1810 938 1835 non
973 1797 1147 1835 morabor
1169 1825 1180 1840 ,
1219 1797 1369 1846 inquam
1388 1824 1397 1838 ‚
1437 1797 1527 1844 quin
1554 1807 1715 1833 errorem
1744 1807 1870 1834 meum

320 1855 511 1902 corrigam.

362 1962 397 2038 q}
417 1962 447 1992 L,
460 1963 586 2033 XXHJ.
606 1972 633 2001 p.
651 1972 714 2002 135.
739 1962 912 2002 Exemplum
925 1963 996 1994 acris
1009 1963 1039 1993 in
1059 1971 1108 1993 ore
1121 1960 1196 1992 uteri
1213 1959 1307 1991 sensus
1326 1959 1413 1990 habet
1426 1960 1564 1992 Situm
1577 1958 1626 1993 111.
1641 1970 1668 2000 p.
1684 1911 1748 1992 κοξ-

362 2015 379 2033 r
422 2013 449 2040 p.
468 2014 534 2038 411·
562 2014 589 2041 q.

361 2044 390 2078 s]
414 2044 485 2073 Add.
500 2054 526 2082 p.
549 2054 617 2082 434.

362 2082 391 2119 t]
414 2094 525 2122 p-431·

363 2125 397 2159 v]
421 2125 489 2154 ibid.

364 2165 400 2200 x]
425 2165 557 2195 Lrvnrr.
582 2174 672 2203 1293.

358 2205 397 2243 y]
423 2206 558 2235 PORTAL.
578 2216 604 2243 p.
617 2212 642 2240 8.

365 2246 398 2279 2]
423 2246 451 2276 L.
466 2246 574 2276 XfflV.
590 2257 616 2284 p.
636 2252 699 2280 182.

365 2286 399 2320 a]
424 2287 451 2316 L.
466 2287 572 2317 XXVI.
592 2297 617 2325 p.
634 2292 699 2323 576.

366 2326 398 2360 b]
424 2326 443 2355 Ι,
465 2328 572 2357 XXIV.
589 2338 614 2365 p.
634 2336 698 2364 193.

367 2366 397 2399 c]
421 2366 553 2396 Lfvssss'r.
572 2378 598 2405 p,
615 2374 661 2405 87‹

368 2406 402 2440 d]
425 2407 506 2436 IDEM
525 2409 594 2440 ibid.
