1955 2732
322 91 403 130 298
795 79 891 119 LIB.
922 79 1070 119 XXIX.
1131 80 1159 119 F
1189 79 1218 119 E
1247 79 1282 118 T
1311 79 1347 118 U
1376 80 1410 118 S.

323 192 404 230 ulto
431 202 575 239 magna,
594 198 717 227 tamen
736 188 856 226 multo
873 216 882 230 ‚
916 199 1026 237 quam
1044 189 1080 224 in
1105 186 1242 229 adulto,
1259 188 1296 223 in
1322 187 1396 223 fetu
1418 185 1485 224 effe
1505 186 1752 224 numerosiora
1775 200 1878 225 com-

327 249 444 297 peries
459 275 469 289 ,
504 247 540 284 &
561 246 651 295 saepe
671 247 709 283 in
733 245 809 283 fetu
830 244 941 293 ipsam
954 256 1124 291 magnam
1140 245 1306 280 arteriam
1323 244 1462 280 rubere.
1523 244 1560 280 Si
1584 243 1803 291 periosteum
1824 257 1879 281 re-

329 304 507 354 pleveris,
539 302 690 340 reticula
715 301 907 339 nascuntur
933 300 1175 348 pulcherrima
1194 327 1204 342 ,
1236 311 1322 337 cum
1349 300 1424 346 ejus
1449 299 1667 336 membranae
1688 301 1726 336 in
1753 300 1879 338 adulto

331 360 483 398 homine
506 370 620 408 pauca
641 359 718 396 vasa
745 356 928 407 supersint,
947 357 982 393 &
1009 368 1103 404 aegre
1129 354 1382 406 adpareantp).

446 440 573 483 Adde,
608 439 709 489 quod
732 438 810 476 vasa
835 438 984 487 quidem
1014 449 1110 474 nova
1135 437 1230 474 nasci
1254 449 1331 474 non
1359 434 1465 485 poffit
1494 434 1636 472 admitti
1655 434 1692 482 q>
1714 448 1722 482 3
1767 435 1880 473 multa

334 509 421 536 vero
447 498 601 534 omnino
632 496 709 533 vasa
739 495 833 532 fetus
860 493 1118 532 evidentissime
1147 493 1384 534 evanescant,
1418 494 1525 529 etiam
1555 491 1704 540 grandia
1734 491 1878 540 aliq-ua,

333 562 375 592 ut
394 552 559 591 umbilici
581 552 655 589 vasa
671 581 680 594 ‚
705 552 741 588 &
756 552 830 588 aliae
850 551 1046 600 peculiares
1071 552 1107 587 in
1128 550 1205 588 fetu
1224 551 1313 595 viae3
1344 548 1410 585 alia
1432 560 1539 597 parva
1559 548 1618 584 sed
1638 549 1882 585 innumerabi-

333 610 388 647 lia.
422 609 464 647 ln
491 608 581 657 pulli
606 606 830 657 potissimum
857 606 989 646 offibus
1006 635 1015 649 ‚
1049 614 1171 643 tamen
1200 607 1308 643 etiam
1338 607 1375 642 in
1401 606 1524 642 eranio
1551 604 1733 646 humano,
1753 616 1882 641 nume-

334 664 501 703 rofisfima
524 665 600 701 vasa
620 664 720 701 vides
742 692 752 706 ‚
786 675 945 712 quorum
975 664 1125 701 duflum
1149 661 1256 712 poffis
1278 656 1372 699 intel·
1398 661 1503 698 fibras
1533 661 1569 697 ὃς
1595 660 1742 696 laminas
1771 659 1881 697 osseas

333 722 433 771 sequi
452 723 489 765 r)
508 733 515 758 :
547 733 677 758 eorum
707 721 874 758 omnium
901 732 945 757 ne
970 720 1162 768 vestigium
1182 719 1332 768 quidem
1352 719 1389 755 in
1406 717 1531 754 adulto
1546 716 1697 753 homine
1715 716 1879 764 superest,

334 790 421 816 cum
436 777 467 822 s)
482 779 519 814 in
542 777 746 826 junioribus
768 776 833 813 soli
852 776 938 814 sulci
955 776 1148 825 adpareant
1162 775 1193 819 t)
1214 803 1223 818 ,
1257 777 1293 812 in
1318 774 1446 812 adultis
1470 773 1594 810 succus
1616 771 1732 809 offeus
1753 773 1789 809 <Sc
1809 774 1883 809 vias

333 834 421 884 ipsas
444 833 636 883 repleverit
657 832 700 877 v)
715 861 724 876 ‚
758 833 794 869 &
819 832 1004 870 intervalla
1029 832 1245 869 laminarum
1268 831 1513 879 fibrarumque
1544 830 1792 877 exaeqiiaverit.
1839 828 1884 865 In

332 891 436 928 fonte
461 889 614 939 pullatili
639 889 796 938 plurima
819 889 896 926 vasa
915 890 960 932 x)
981 889 1062 926 sunt
1079 916 1088 930 ‚
1121 900 1200 937 quae
1225 889 1298 935 jam
1328 890 1365 924 in
1385 885 1608 923 adolescente
1634 885 1785 921 homine
1802 897 1884 922 eva-

335 953 495 986 nuerunt
514 957 524 991 ;
556 954 636 984 tum
655 947 694 983 in
712 945 879 983 dentium
896 945 1077 983 folliculis.

446 1026 489 1065 In
512 1027 650 1064 intimis
672 1026 943 1075 cartilaginibus
962 1025 1052 1075 pulli
1060 1024 1102 1072 y)
1123 1024 1262 1062 infinita
1283 1022 1360 1060 vasa
1378 1022 1517 1060 ostendi
1538 1051 1547 1066 ‚
1580 1021 1750 1071 sanguine
1770 1021 1883 1059 rubro

333 1084 457 1135 plena,
485 1096 561 1133 quo
578 1083 664 1121 loco
685 1111 694 1126 ,
728 1095 805 1119 non
822 1090 915 1130 puto
930 1082 1099 1120 haetenus
1124 1081 1258 1119 ostensa
1281 1078 1382 1118 fuiffe
1396 1082 1460 1121 z):
1493 1080 1529 1116 &
1555 1079 1685 1116 crustas
1706 1078 1884 1126 cartilagi-

334 1153 418 1178 neas
430 1139 468 1183 a)
485 1140 623 1189 patellae
638 1140 673 1176 &
687 1138 913 1188 epiphyfium
934 1137 971 1183 h)
988 1139 1136 1176 femoris
1155 1139 1191 1175 δε
1214 1139 1309 1175 tibiae
1326 1149 1402 1174 non
1419 1147 1500 1172 raro
1513 1164 1522 1178 ‚
1540 1147 1660 1184 neque
1679 1133 1883 1177 difficulter,

334 1199 383 1234 ita
409 1197 572 1245 replevi,
609 1203 650 1234 ut
678 1195 904 1243 cartilagines
932 1195 1067 1232 succini
1095 1194 1269 1244 pellucidi
1290 1192 1419 1230 similes
1444 1191 1528 1229 vafis
1555 1192 1673 1229 rubris
1695 1203 1885 1240 percurre-

335 1260 484 1300 rentur3
517 1253 554 1291 id
578 1254 616 1290 in
639 1252 768 1291 adultis
798 1252 928 1301 sperari
949 1253 1085 1301 nequit.

447 1334 545 1374 Cum
563 1346 652 1384 ergo
677 1346 772 1372 nova
787 1333 867 1371 vasa
884 1345 960 1371 non
982 1313 1160 1370 addantur
1179 1359 1189 1374 ,
1222 1332 1258 1369 &
1271 1330 1316 1368 de
1341 1330 1497 1379 antiquis
1521 1327 1636 1366 multa
1664 1326 1850 1365 deleantur
1870 1355 1881 1371 ‚

336 1393 496 1442 sequitur
513 1419 522 1433 ,
553 1398 596 1429 ut
615 1391 706 1428 fetui
732 1390 835 1439 plura
854 1418 864 1432 ,
897 1401 1006 1439 quam
1029 1388 1154 1426 adulto
1179 1388 1323 1426 homini
1346 1386 1422 1424 vasa
1448 1385 1515 1423 fint
1534 1383 1576 1429 c).

450 1472 541 1510 Sunt
570 1471 696 1508 eadem
722 1471 857 1518 majora
874 1498 884 1513 ,
917 1482 985 1519 pro
1007 1469 1257 1507 musculorum
1285 1469 1320 1505 &
1354 1465 1483 1505 offium
1508 1467 1680 1515 portione
1697 1493 1706 1508 ‚
1738 1465 1793 1502 uti
1819 1475 1885 1502 cor

337 1532 453 1579 majus
477 1529 548 1565 est:
580 1528 661 1564 sunt
685 1527 844 1576 denique
869 1527 989 1564 multo
1010 1526 1156 1563 laxiora.

449 1609 632 1648 Facillime
652 1609 689 1644 in
708 1608 785 1645 fetu
807 1607 988 1656 liquorem
1013 1605 1210 1656 impulsum
1224 1605 1421 1642 admittunt
1438 1617 1446 1641 :
1475 1603 1578 1641 facile
1596 1602 1691 1639 idem
1715 1603 1751 1639 &
1773 1600 1817 1638 ad
1833 1603 1886 1638 vi-

340 1669 432 1705 tium
446 1666 557 1715 usque
578 1664 622 1702 de
643 1665 779 1701 arteriis
802 1663 944 1700 exhalat
965 1665 999 1700 in
1023 1662 1197 1705 intestina,
1215 1664 1251 1699 in
1269 1660 1451 1699 cellulosab
1468 1659 1551 1697 telas
1569 1687 1578 1702 ‚
1611 1660 1654 1702 in⁴
1667 1670 1814 1706 magnas
1828 1669 1886 1695 ca-

338 1736 419 1761 veas
433 1737 444 1770 “,
462 1734 524 1772 per
537 1728 669 1764 cutem,
683 1720 784 1770 quod
797 1721 833 1757 in
848 1720 971 1758 adulto
986 1720 1135 1757 homine
1149 1730 1269 1757 rarum
1287 1718 1343 1755 est.
1385 1717 1549 1755 Domum
1567 1727 1650 1753 cum
1668 1714 1827 1752 rabellus
1845 1713 1887 1751 fit

1714 1770 1849 1808 humor
1872 1797 1885 1813 ,

376 1833 409 1869 p)
436 1832 547 1861 sitnm.
562 1833 596 1860 ic.
615 1828 721 1871 offset.
738 1840 765 1868 p.
787 1833 853 1859 160.

380 1874 410 1910 q)
433 1881 457 1908 1³-
481 1880 541 1908 ¹72-

377 1918 406 1946 ν)
428 1915 523 1941 form.
543 1913 590 1940 des
605 1921 641 1940 os.
657 1920 683 1948 p.
706 1919 769 1947 174.
787 1919 854 1940 22¹.
870 1918 935 1938 222.
954 1917 1021 1947 227.
1036 1914 1102 1944 228.
1115 1917 1184 1947 229.

377 1954 403 1986 s)
426 1952 498 1981 Vide
513 1952 596 1981 etiam
609 1953 722 1982 Aram.
734 1953 832 1980 adnot.
848 1950 877 1979 L.
893 1949 938 1979 lll.
954 1960 977 1981 c.
997 1959 1022 1988 3.

374 1994 402 2027 t)
425 1992 566 2022 Tonanz.
584 1989 749 2029 mempre's]
763 1991 797 2021 T.
810 1991 831 2021 1⁴
848 2000 876 2028 p.
893 1999 958 2027 342.

376 2035 408 2063 vl
431 2033 542 2062 Aram.
562 2034 659 2061 adnot.
680 2032 709 2061 L.
727 2032 772 2062 lV.
789 2041 816 2069 p.
833 2041 877 2062 υ.

374 2084 408 2101 :w
432 2073 575 2102 Ruisen.
600 2070 682 2110 lejs
703 2075 732 2102 V.
748 2079 768 2101 t.
785 2081 811 2102 2.
828 2071 847 2101 f.
863 2082 890 2106 4.

370 2117 408 2151 y)
433 2116 527 2143 Form.
541 2114 586 2142 des
598 2122 636 2141 ω.
655 2122 682 2149 p.
698 2121 764 2146 230.
779 2121 843 2145 232.
860 2120 926 2148 234.

373 2157 405 2182 2)
427 2154 482 2182 Sed
499 2163 531 2182 ea
546 2162 622 2181 nunc
637 2152 723 2181 habet
740 2152 780 2181 (A.
795 2151 875 2180 W'm
890 2160 957 2179 TER.
974 2153 1004 2179 in
1018 2150 1136 2190 (stfoffog.
1155 2149 1315 2187 germanice
1333 2148 1419 2183 edita,
1438 2155 1565 2176 meorum
1579 2145 1726 2180 firmillima,
1746 2143 1774 2173 in
1789 2143 1887 2174 huma-

338 2203 374 2222 πω
395 2203 461 2222 vero
478 2194 538 2222 fetu
556 2192 663 2221 ostensa
678 2193 1325 2229 f-1.':.3.4.5·6.7i3.10.11.12,13.14.1;.16.

377 2236 408 2263 a]
430 2233 575 2262 Ruvscn.
592 2231 700 2271 advers:
715 2235 754 2263 II.
779 2242 806 2260 n.
825 2241 851 2261 2.
868 2239 888 2261 t.
909 2242 930 2261 ι.
955 2230 1064 2270 adverfi
1078 2233 1132 2262 [ΙΙ.
1149 2241 1174 2260 η,
1195 2241 1221 2267 9.
1247 2231 1294 2267 qui
1315 2237 1410 2259 tamen
1437 2233 1539 2265 negat,
1558 2224 1701 2264 profunde
1716 2223 1808 2253 subire
1825 2243 1832 2255 ,
1858 2223 1884 2252 8(

337 2282 455 2304 externa
470 2274 530 2302 sere
544 2273 744 2310 ⁸cartilaginum
758 2272 820 2302 vasa
837 2272 932 2305 habet,
945 2281 959 2301 τι
976 2272 1074 2300 nestris
1089 2270 1197 2301 diversa
1224 2271 1269 2301 Sic
1281 2269 1322 2299 CL
1339 2270 1380 2298 vir
1395 2269 1579 2298 &Humum
1599 2262 1887 2302 Phil.T›-11⁷ffln.47o.,

377 2316 393 2343 l,
433 2313 655 2342 Rurscrsibicl,
682 2313 816 2342 {mmm
834 2320 854 2342 t.
871 2322 889 2340 1.
910 2321 926 2348 p
951 2318 1016 2347 εἷς’),

375 2364 403 2391 c)
425 2354 565 2384 ΚΛΜΝ.
581 2363 609 2383 n.
623 2363 687 2390 (με.
708 2353 772 2383 add.
799 2352 950 2389 Jmsnn’i·
972 2351 1178 2391 canJanrwn..
