1955 2732
555 134 722 174 ποτ.
754 134 800 173 V.
859 132 1206 173 PARTus
1573 140 1652 179 415

105 249 142 286 &
171 246 304 284 lotium
329 254 422 292 aegre
446 248 558 281 exeat.
623 241 713 280 Non
741 243 895 281 dubium
926 254 1012 280 vero
1040 241 1090 279 est
1110 269 1120 283 ‚
1153 239 1207 278 uti
1236 237 1282 281 ab
1310 243 1418 276 utero
1445 237 1558 276 urinae
1581 239 1658 276 exi-

105 312 162 342 tus
187 301 386 351 impeditur
404 328 414 343 ‚
448 301 495 337 ita
522 298 670 336 viciffim
707 311 726 336 a
758 298 954 348 plenissima
987 297 1100 336 vefica
1132 297 1299 344 vaginam
1328 296 1364 332 δι
1401 296 1494 333 uteri
1525 293 1658 334 ostium

105 359 289 410 conprimi
312 385 321 400 ,
355 364 574 405 partumque
599 353 768 405 iinpediri
793 356 894 393 facile
915 355 1131 403 intelligitur
1155 353 1206 396 h).

216 440 322 478 Idem
343 438 438 475 fetus
456 444 567 487 caput
587 437 617 481 i)
645 449 744 475 nunc
771 437 982 475 intestinum
1011 436 1149 473 testum
1167 445 1347 484 premens,
1370 433 1514 482 ingrato
1539 433 1658 479 sensu.

106 499 143 536 &
170 497 260 546 saepe
287 493 450 533 tenesmo
478 500 631 531 matrem
653 493 804 531 adlicit:
836 493 934 530 idem
960 494 997 529 in
1021 493 1202 530 cervicem
1231 491 1326 528 uteri
1360 489 1488 528 duram
1508 518 1518 532 ‚
1552 491 1661 529 vehe-

104 562 245 592 menter
265 550 486 589 contrariam
501 577 510 592 ,
543 562 641 588 nunc
663 550 828 599 pondere
855 549 919 588 suo
942 548 975 586 se
1001 556 1108 596 urget
1128 577 1138 591 ‚
1173 559 1326 596 eamque
1345 555 1472 585 contra
1495 545 1566 585 offa
1586 547 1662 597 pel-

103 613 156 661 yis
187 610 299 651 dura,
331 608 367 644 δε
397 605 614 648 resistentia,
656 606 856 655 adprimit3
898 606 934 642 Sc
957 604 1199 654 respirationis
1230 605 1365 641 viribus
1401 604 1497 642 acius
1528 616 1661 642 nervos

104 666 242 704 sensiles
268 666 391 702 irritat„
456 662 545 700 Haec
576 663 667 699 mihi
695 662 796 700 causa
821 662 964 700 videtur
998 673 1044 698 ex
1078 660 1288 710 graviffimis
1313 660 1361 703 k).
1416 660 1513 697 Nam
1539 662 1663 698 cervix

104 724 283 773 reliquum
310 728 457 758 uterum
470 719 614 757 videtur
629 728 738 757 acuto
763 719 862 757 sensu
879 718 1043 768 superare
1058 716 1088 761 l)
1105 746 1114 760 ‚
1143 730 1228 756 cum
1249 718 1357 754 etiam
1382 729 1572 754 veneream
1598 731 1663 756 vo-

103 781 281 830 luptatem
310 790 329 815 a
359 788 452 826 pene
480 776 659 814 confri&o
685 777 869 825 percipiat.
932 774 1119 823 Ejusmodi
1147 787 1232 812 cum
1255 772 1322 815 fit,
1358 773 1393 810 &
1417 774 1453 810 in
1471 773 1662 822 postremis

103 836 325 886 graviditatis
343 832 569 881 temporIbus
584 832 818 870 vehementer
836 844 880 869 ex
905 830 1133 880 cartiiaginea
1154 831 1213 869 sua
1238 829 1418 879 densaque
1437 838 1563 868 natura
1581 842 1662 868 mu-

103 901 200 930 tetur
221 893 261 928 in
282 889 554 928 infundibulum
570 917 580 932 ‚
614 889 726 938 idque
749 901 766 926 a
792 888 885 926 fetus
903 890 1021 938 capite
1042 894 1208 925 accurate
1238 885 1420 935 repleatur
1438 915 1448 930 ‚
1482 888 1661 925 maximos

107 951 233 998 utique
260 947 408 985 dolores
432 945 554 983 credas
584 946 681 982 oriri.

215 1029 325 1067 Aliud
349 1029 385 1066 ἃ.
409 1039 518 1076 grave
549 1027 598 1064 est
631 1026 940 1070 incommodum,
973 1026 1074 1075 quod
1107 1038 1125 1063 a
1160 1025 1362 1073 sanguine,
1395 1025 1429 1060 in
1470 1032 1574 1061 utero
1609 1037 1664 1061 re-

104 1093 209 1124 tento
230 1114 240 1129 ,
274 1085 408 1123 femina
428 1083 592 1133 percipit.
634 1082 762 1120 Sensus
790 1083 887 1119 enim
910 1083 1003 1120 uteri
1029 1089 1215 1120 accuratus
1244 1082 1294 1119 est
1311 1110 1321 1125 ‚
1356 1082 1392 1117 ὃς
1419 1081 1505 1118 licet
1534 1092 1661 1118 verum

105 1142 274 1180 dolorem
304 1152 477 1178 venarum
508 1139 691 1188 totiusque
708 1140 802 1176 uteri
829 1146 953 1177 tumor
975 1151 1052 1176 non
1076 1140 1161 1176 facit
1180 1167 1190 1181 ,
1223 1149 1298 1174 non
1332 1137 1448 1185 potest
1475 1148 1552 1174 non
1583 1149 1664 1175 mo-

102 1200 215 1237 lestias
250 1196 416 1238 efficere,
452 1208 538 1244 quas
573 1195 716 1232 i‘eminae
749 1195 908 1232 sentiunt
930 1223 940 1238 ,
972 1207 1093 1244 neque
1132 1194 1235 1232 valde
1265 1193 1431 1231 accusant
1457 1220 1466 1234 ‚
1498 1205 1584 1230 cum
1618 1204 1664 1230 ex

104 1264 240 1292 naturae
262 1255 344 1301 lege
367 1254 401 1290 se
430 1253 506 1300 pati
528 1258 668 1300 putent.
720 1250 828 1289 'Nam
854 1253 891 1288 &
928 1264 1034 1289 venas
1066 1264 1112 1289 ex
1143 1250 1371 1300 capillaribus
1396 1249 1560 1297 digitales
1589 1251 1665 1287 fieri

104 1312 264 1349 diximus
287 1311 365 1354 m),
405 1309 440 1345 ἃ
470 1314 593 1345 uterus
622 1314 751 1356 praeter
777 1319 929 1345 omnem
956 1308 1113 1345 modum
1144 1307 1350 1345 intumescit
1369 1306 1408 1351 n)
1431 1335 1439 1349 ,
1474 1306 1665 1354 sanguine-

104 1380 176 1418 que
208 1374 336 1416 turget.
399 1364 551 1403 Paulum
573 1363 729 1406 incisus,
765 1365 829 1413 qui
859 1365 1019 1402 inversus
1049 1371 1124 1402 erat
1146 1373 1270 1403 uterus
1290 1391 1301 1407 ‚
1344 1362 1573 1400 insanabilem
1594 1363 1666 1400 hae-

109 1424 358 1472 morrhagiam
383 1421 470 1459 fecit
483 1419 529 1464 o).

220 1507 394 1542 Accurate
419 1503 482 1552 qui
510 1500 629 1538 voluit
654 1501 749 1538 uteri
779 1501 1002 1539 incrementa
1029 1502 1174 1544 metiri,
1206 1501 1341 1549 reperit
1375 1499 1526 1537 solidam
1563 1507 1666 1538 natu-

105 1574 182 1601 ram
207 1562 299 1599 uteri
325 1573 344 1597 a
375 1571 409 1606 4.
435 1559 551 1596 unciis
573 1557 653 1594 cub.
682 1557 717 1593 &
741 1555 759 1601 ὲ
785 1558 981 1595 increscere
1009 1557 1053 1595 ad
1085 1570 1147 1603 51.
1173 1556 1351 1605 ejusmodi
1376 1558 1500 1594 uncias
1517 1584 1526 1598 ,
1560 1567 1667 1606 atque

105 1620 198 1658 adeo
228 1617 308 1667 plus
340 1615 511 1653 undecies
542 1613 576 1650 se
611 1612 690 1661 ipso
726 1615 903 1660 majorem
933 1613 1010 1651 fieri
1027 1616 1078 1661 p).
1141 1613 1257 1659 Quod
1285 1612 1390 1650 facile
1426 1612 1548 1650 credas
1572 1641 1581 1654 ‚
1627 1612 1668 1650 fi-

107 1675 256 1727 quidem
275 1685 361 1711 cum
384 1678 488 1709 tanto
514 1669 684 1718 ampliori
710 1668 898 1718 superficie
923 1669 1089 1708 craffities
1108 1682 1187 1707 non
1213 1669 1429 1707 diminuitur
1450 1668 1495 1716 q).

219 1756 377 1794 Caveam
409 1753 503 1790 uteri
530 1764 548 1788 a
574 1756 608 1804 ᾖ
631 1749 774 1799 pollicis
800 1752 920 1788 cubici
943 1751 1134 1790 aestimatur
1150 1779 1159 1794 ,
1194 1751 1230 1788 ὃς
1257 1750 1417 1788 creditur
1439 1762 1549 1799 grana
1566 1762 1668 1799 aquae

110 1824 198 1860 333.
221 1823 356 1861 capere.
390 1808 594 1857 Eamfponit
615 1805 702 1844 V.C.
723 1809 847 1856 augeri
862 1807 905 1844 ad
922 1814 1013 1854 408.
1037 1808 1187 1857 pollices
1205 1807 1373 1849 cubices,
1387 1808 1425 1843 in
1448 1808 1579 1856 quibus
1604 1819 1616 1842 1
1629 1819 1661 1852 7.

1562 1862 1663 1900 librae

147 1938 182 2020 g)
194 1936 487 2020 gYPRPZZZAzdg-tbt
506 1971 585 2020 ανθρ.
604 1976 687 2015 Ouer-
708 1989 736 2010 n.
763 1988 806 2017 37.
839 1979 962 2011 Vmor„
992 1989 1022 2018 p.
1046 1989 1109 2015 1¹4-
1145 1979 1282 2011 Βειειι.
1299 1988 1328 2017 p.
1343 1987 1412 2016 493.
1443 1977 1613 2008 vissei-tn<-
1640 1978 1668 2008 ἁ

107 2023 182 2054 Vim
207 2033 270 2052 nrm
292 2023 371 2053 Pom
394 2023 441 2053 het
455 2023 606 2059 Roonhuys
616 2022 734 2060 gebeim.
748 2028 777 2058 p.
796 2028 822 2057 7.
857 2020 992 2050 SMELLH:
1011 2020 1079 2050 ibid.

149 2065 181 2097 k)
202 2064 340 2093 Summa
360 2072 388 2101 p.
411 2069 475 2097 1¹8-
496 2073 549 2098 1¹9

157 2105 182 2141 I)
203 2103 345 2133 Μηιπ.
372 2102 389 2132 l.
417 2114 440 2134 c.
480 2101 651 2139 Exemplum
677 2101 732 2131 oris
752 2101 857 2130 uterini
879 2101 963 2130 duri.
993 2100 1162 2130 inflammati
1181 2122 1188 2136 ‚
1211 2106 1325 2138 partum
1353 2098 1493 2128 morantis
1507 2121 1515 2132 ,
1540 2096 1618 2136 qnod
1638 2107 1668 2127 o-

107 2144 250 2183 portuerit
275 2153 355 2173 venae
371 2142 497 2174 serlione
519 2145 545 2173 &
568 2142 744 2172 diluentibus
767 2140 862 2171 sanare
878 2164 886 2175 ,
902 2142 988 2171 habe:
1011 2142 1044 2171 G.
1063 2142 1200 2171 Sutrinis
1221 2140 1292 2180 casis
1314 2150 1342 2178 p.
1364 2145 1432 2173 288.

149 2187 193 2221 m)
209 2194 237 2217 n.
254 2194 320 2219 404.
346 2185 419 2214 Ante
440 2190 553 2221 partum
579 2190 676 2213 uterus
703 2181 840 2219 sanguine
859 2181 1028 2212 distenditur
1048 2182 1177 2213 Harum
1203 2190 1231 2220 p.
1247 2190 1312 2220 243·
1339 2179 1381 2210 Ab
1403 2179 1476 2210 uteri
1498 2178 1566 2208 vasis
1584 2202 1587 2208 ,
1605 2187 1667 2215 quae

109 2225 185 2255 fetus
209 2226 395 2262 comprimit,
421 2232 515 2262 partus
533 2221 805 2262 Fntcosxanthqfi

151 2267 186 2302 n)
208 2265 378 2295 FnunAxT.
397 2265 431 2295 ll.
450 2275 478 2303 p.
498 2274 561 2300 155·

151 2310 181 2342 o)
204 2306 371 2336 naucum.
390 2316 419 2343 p.
434 2314 505 2338 321.

149 2348 182 2384 ιν)
205 2346 341 2376 Lavazr.
359 2357 384 2384 p.
406 2355 471 2383 299.

153 2388 185 2424 q)
207 2386 239 2417 L.
252 2385 387 2418 XXVIII.
408 2395 436 2424 p.
455 2394 504 2424 57.
