<?xml version="1.0" encoding="UTF-8"?>
<!DOCTYPE html PUBLIC "-//W3C//DTD XHTML 1.0 Transitional//EN"
    "http://www.w3.org/TR/xhtml1/DTD/xhtml1-transitional.dtd">
<html xmlns="http://www.w3.org/1999/xhtml" xml:lang="en" lang="en">
 <head>
  <title>
</title>
<meta http-equiv="Content-Type" content="text/html;charset=utf-8" />
  <meta name='ocr-system' content='tesseract 3.04.00' />
  <meta name='ocr-capabilities' content='ocr_page ocr_carea ocr_par ocr_line ocrx_word'/>
</head>
<body>
  <div class='ocr_page' id='page_1' title='image "./elementaphysiolo08hall_0359.png"; bbox 0 0 1955 2732; ppageno 0'>
   <div class='ocr_carea' id='block_1_1' title="bbox 439 120 1654 175">
    <p class='ocr_par' dir='ltr' id='par_1_1' title="bbox 439 120 1654 175">
     <span class='ocr_line' id='line_1_1' title="bbox 439 120 1654 175; baseline 0.003 -13"><span class='ocrx_word' id='word_1_1' title='bbox 439 123 700 163; x_wconf 57' lang='grc' dir='ltr'>πεπτω</span> <span class='ocrx_word' id='word_1_2' title='bbox 761 121 972 163; x_wconf 79' lang='lat' dir='ltr'>VITA</span> <span class='ocrx_word' id='word_1_3' title='bbox 1030 120 1314 162; x_wconf 82' lang='lat' dir='ltr'>FETUS.</span> <span class='ocrx_word' id='word_1_4' title='bbox 1413 145 1418 147; x_wconf 54' lang='lat'>&gt;</span> <span class='ocrx_word' id='word_1_5' title='bbox 1578 139 1654 175; x_wconf 70' lang='lat'>329</span> 
     </span>
    </p>
   </div>
   <div class='ocr_carea' id='block_1_2' title="bbox 89 230 1655 331">
    <p class='ocr_par' dir='ltr' id='par_1_2' title="bbox 89 230 1655 326">
     <span class='ocr_line' id='line_1_2' title="bbox 89 230 1655 297; baseline 0.001 -28"><span class='ocrx_word' id='word_1_6' title='bbox 89 233 190 269; x_wconf 87' lang='lat' dir='ltr'>nium</span> <span class='ocrx_word' id='word_1_7' title='bbox 215 231 408 270; x_wconf 78' lang='lat' dir='ltr'>succorum</span> <span class='ocrx_word' id='word_1_8' title='bbox 429 230 675 269; x_wconf 84' lang='lat' dir='ltr'>humanorum</span> <span class='ocrx_word' id='word_1_9' title='bbox 711 230 976 297; x_wconf 80' lang='lat' dir='ltr'>craffiffimum,</span> <span class='ocrx_word' id='word_1_10' title='bbox 1013 231 1079 280; x_wconf 92' lang='lat' dir='ltr'>qui</span> <span class='ocrx_word' id='word_1_11' title='bbox 1114 240 1181 278; x_wconf 83' lang='lat' dir='ltr'>per</span> <span class='ocrx_word' id='word_1_12' title='bbox 1203 241 1280 268; x_wconf 91' lang='lat' dir='ltr'>non</span> <span class='ocrx_word' id='word_1_13' title='bbox 1303 230 1394 276; x_wconf 86' lang='lat' dir='ltr'>alia,</span> <span class='ocrx_word' id='word_1_14' title='bbox 1426 242 1555 284; x_wconf 78' lang='lat' dir='ltr'>praeter</span> <span class='ocrx_word' id='word_1_15' title='bbox 1572 249 1655 286; x_wconf 76' lang='lat' dir='ltr'>per.</span> 
     </span>
     <span class='ocr_line' id='line_1_3' title="bbox 90 287 564 331; baseline -0.002 -6"><span class='ocrx_word' id='word_1_16' title='bbox 90 288 179 325; x_wconf 55' lang='lat' dir='ltr'>fecie</span> <span class='ocrx_word' id='word_1_17' title='bbox 204 289 337 331; x_wconf 84' lang='lat' dir='ltr'>rubra,</span> <span class='ocrx_word' id='word_1_18' title='bbox 370 287 445 325; x_wconf 86' lang='lat' dir='ltr'>vasa</span> <span class='ocrx_word' id='word_1_19' title='bbox 470 287 564 325; x_wconf 74' lang='lat' dir='ltr'>fluat„</span> 
     </span>
    </p>
   </div>
   <div class='ocr_carea' id='block_1_3' title="bbox 88 366 1649 523">
    <p class='ocr_par' dir='ltr' id='par_1_3' title="bbox 88 366 1649 523">
     <span class='ocr_line' id='line_1_4' title="bbox 202 366 1649 424; baseline -0.001 -17"><span class='ocrx_word' id='word_1_20' title='bbox 202 368 414 407; x_wconf 84' lang='lat' dir='ltr'>Ostenditur</span> <span class='ocrx_word' id='word_1_21' title='bbox 447 371 554 406; x_wconf 81' lang='lat' dir='ltr'>etiarn</span> <span class='ocrx_word' id='word_1_22' title='bbox 573 398 583 412; x_wconf 85' lang='lat'>,</span> <span class='ocrx_word' id='word_1_23' title='bbox 617 369 694 406; x_wconf 85' lang='lat' dir='ltr'>vasa</span> <span class='ocrx_word' id='word_1_24' title='bbox 722 368 849 406; x_wconf 82' lang='lat' dir='ltr'>offium</span> <span class='ocrx_word' id='word_1_25' title='bbox 874 368 941 406; x_wconf 85' lang='lat' dir='ltr'>effe</span> <span class='ocrx_word' id='word_1_26' title='bbox 973 369 1142 406; x_wconf 79' lang='lat' dir='ltr'>omnium</span> <span class='ocrx_word' id='word_1_27' title='bbox 1175 366 1386 415; x_wconf 80' lang='lat' dir='ltr'>ampliffinm</span> <span class='ocrx_word' id='word_1_28' title='bbox 1403 370 1454 414; x_wconf 80' lang='lat'><em>771)</em></span> <span class='ocrx_word' id='word_1_29' title='bbox 1473 400 1482 414; x_wconf 96' lang='lat'><strong>,</strong></span> <span class='ocrx_word' id='word_1_30' title='bbox 1517 381 1557 411; x_wconf 85' lang='lat' dir='ltr'>ut</span> <span class='ocrx_word' id='word_1_31' title='bbox 1583 387 1649 424; x_wconf 59' lang='lat' dir='ltr'>peg-</span> 
     </span>
     <span class='ocr_line' id='line_1_5' title="bbox 90 424 1648 475; baseline 0.001 -12"><span class='ocrx_word' id='word_1_32' title='bbox 90 438 129 463; x_wconf 89' lang='lat' dir='ltr'>ea</span> <span class='ocrx_word' id='word_1_33' title='bbox 156 425 228 463; x_wconf 77' lang='lat' dir='ltr'>sola</span> <span class='ocrx_word' id='word_1_34' title='bbox 252 427 377 463; x_wconf 78' lang='lat' dir='ltr'>succus</span> <span class='ocrx_word' id='word_1_35' title='bbox 403 426 589 463; x_wconf 64' lang='lat' dir='ltr'>tinctorias</span> <span class='ocrx_word' id='word_1_36' title='bbox 614 426 724 462; x_wconf 63' lang='lat' dir='ltr'>rubia:</span> <span class='ocrx_word' id='word_1_37' title='bbox 749 426 886 473; x_wconf 88' lang='lat' dir='ltr'>deponi</span> <span class='ocrx_word' id='word_1_38' title='bbox 912 424 1018 473; x_wconf 79' lang='lat' dir='ltr'>p&#39;ossit</span> <span class='ocrx_word' id='word_1_39' title='bbox 1036 454 1046 468; x_wconf 84' lang='lat'>,</span> <span class='ocrx_word' id='word_1_40' title='bbox 1078 437 1158 462; x_wconf 88' lang='lat' dir='ltr'>non</span> <span class='ocrx_word' id='word_1_41' title='bbox 1179 435 1247 472; x_wconf 84' lang='lat' dir='ltr'>per</span> <span class='ocrx_word' id='word_1_42' title='bbox 1275 424 1345 462; x_wconf 84' lang='lat' dir='ltr'>ulla</span> <span class='ocrx_word' id='word_1_43' title='bbox 1368 430 1527 475; x_wconf 83' lang='lat' dir='ltr'>partium</span> <span class='ocrx_word' id='word_1_44' title='bbox 1554 443 1648 469; x_wconf 84' lang='lat' dir='ltr'>non-</span> 
     </span>
     <span class='ocr_line' id='line_1_6' title="bbox 88 481 983 523; baseline 0 -5"><span class='ocrx_word' id='word_1_45' title='bbox 88 482 177 519; x_wconf 88' lang='lat' dir='ltr'>dum</span> <span class='ocrx_word' id='word_1_46' title='bbox 205 481 382 519; x_wconf 78' lang='lat' dir='ltr'>oss&#39;earum</span> <span class='ocrx_word' id='word_1_47' title='bbox 413 481 583 519; x_wconf 88' lang='lat' dir='ltr'>decolora</span> <span class='ocrx_word' id='word_1_48' title='bbox 600 509 610 523; x_wconf 91' lang='lat'>‚</span> <span class='ocrx_word' id='word_1_49' title='bbox 644 483 679 518; x_wconf 72' lang='lat' dir='ltr'>&lt;Sc</span> <span class='ocrx_word' id='word_1_50' title='bbox 705 484 871 518; x_wconf 74' lang='lat' dir='ltr'>tenuiora</span> <span class='ocrx_word' id='word_1_51' title='bbox 898 481 983 518; x_wconf 82' lang='lat' dir='ltr'>vasa.</span> 
     </span>
    </p>
   </div>
   <div class='ocr_carea' id='block_1_4' title="bbox 85 561 1645 723">
    <p class='ocr_par' dir='ltr' id='par_1_4' title="bbox 85 561 1645 723">
     <span class='ocr_line' id='line_1_7' title="bbox 200 561 1645 611; baseline 0.002 -12"><span class='ocrx_word' id='word_1_52' title='bbox 200 561 372 611; x_wconf 85' lang='lat' dir='ltr'>Denique</span> <span class='ocrx_word' id='word_1_53' title='bbox 402 564 496 599; x_wconf 81' lang='lat' dir='ltr'>inter</span> <span class='ocrx_word' id='word_1_54' title='bbox 523 562 715 599; x_wconf 61' lang='lat' dir='ltr'>tincturam</span> <span class='ocrx_word' id='word_1_55' title='bbox 742 563 911 604; x_wconf 81' lang='lat' dir='ltr'>rubram,</span> <span class='ocrx_word' id='word_1_56' title='bbox 930 563 966 598; x_wconf 59' lang='grc' dir='ltr'>ὃς</span> <span class='ocrx_word' id='word_1_57' title='bbox 990 568 1145 599; x_wconf 83' lang='lat' dir='ltr'>terream</span> <span class='ocrx_word' id='word_1_58' title='bbox 1170 563 1359 599; x_wconf 83' lang='lat' dir='ltr'>materiem</span> <span class='ocrx_word' id='word_1_59' title='bbox 1383 563 1510 602; x_wconf 85' lang='lat' dir='ltr'>offium</span> <span class='ocrx_word' id='word_1_60' title='bbox 1525 595 1535 609; x_wconf 83' lang='lat'><em>‚</em></span> <span class='ocrx_word' id='word_1_61' title='bbox 1551 580 1645 606; x_wconf 80' lang='lat' dir='ltr'>con-</span> 
     </span>
     <span class='ocr_line' id='line_1_8' title="bbox 87 617 1642 670; baseline 0.004 -14"><span class='ocrx_word' id='word_1_62' title='bbox 87 619 152 656; x_wconf 85' lang='lat' dir='ltr'>stat</span> <span class='ocrx_word' id='word_1_63' title='bbox 172 646 181 660; x_wconf 90' lang='lat'>‚</span> <span class='ocrx_word' id='word_1_64' title='bbox 215 625 357 655; x_wconf 76' lang='lat' dir='ltr'>tantum</span> <span class='ocrx_word' id='word_1_65' title='bbox 383 617 450 655; x_wconf 79' lang='lat' dir='ltr'>esse</span> <span class='ocrx_word' id='word_1_66' title='bbox 483 618 718 660; x_wconf 64' lang='lat' dir='ltr'>consentiam,</span> <span class='ocrx_word' id='word_1_67' title='bbox 752 626 792 655; x_wconf 82' lang='lat' dir='ltr'>ut</span> <span class='ocrx_word' id='word_1_68' title='bbox 814 619 915 669; x_wconf 81' lang='lat' dir='ltr'>rubia</span> <span class='ocrx_word' id='word_1_69' title='bbox 939 618 985 654; x_wconf 83' lang='lat' dir='ltr'>ad</span> <span class='ocrx_word' id='word_1_70' title='bbox 1016 630 1093 655; x_wconf 90' lang='lat' dir='ltr'>eam</span> <span class='ocrx_word' id='word_1_71' title='bbox 1117 618 1229 667; x_wconf 81' lang='lat' dir='ltr'>ipsam</span> <span class='ocrx_word' id='word_1_72' title='bbox 1258 626 1389 656; x_wconf 83' lang='lat' dir='ltr'>terram</span> <span class='ocrx_word' id='word_1_73' title='bbox 1416 623 1642 670; x_wconf 80' lang='lat' dir='ltr'>potiffimum</span> 
     </span>
     <span class='ocr_line' id='line_1_9' title="bbox 85 674 998 723; baseline -0.001 -12"><span class='ocrx_word' id='word_1_74' title='bbox 85 674 190 712; x_wconf 80' lang='lat' dir='ltr'>suum</span> <span class='ocrx_word' id='word_1_75' title='bbox 216 676 389 711; x_wconf 78' lang='lat' dir='ltr'>ruborem</span> <span class='ocrx_word' id='word_1_76' title='bbox 416 675 576 723; x_wconf 84' lang='lat' dir='ltr'>deponat</span> <span class='ocrx_word' id='word_1_77' title='bbox 594 702 604 717; x_wconf 91' lang='lat'>‚</span> <span class='ocrx_word' id='word_1_78' title='bbox 637 686 790 723; x_wconf 84' lang='lat' dir='ltr'>eamque</span> <span class='ocrx_word' id='word_1_79' title='bbox 816 677 932 722; x_wconf 82' lang='lat' dir='ltr'>tingat</span> <span class='ocrx_word' id='word_1_80' title='bbox 948 674 998 718; x_wconf 81' lang='lat' dir='ltr'>n).</span> 
     </span>
    </p>
   </div>
   <div class='ocr_carea' id='block_1_5' title="bbox 86 751 1638 866">
    <p class='ocr_par' dir='ltr' id='par_1_5' title="bbox 86 751 1638 866">
     <span class='ocr_line' id='line_1_10' title="bbox 197 751 1638 806; baseline 0.006 -16"><span class='ocrx_word' id='word_1_81' title='bbox 197 753 295 791; x_wconf 87' lang='lat' dir='ltr'>Hinc</span> <span class='ocrx_word' id='word_1_82' title='bbox 322 767 366 791; x_wconf 89' lang='lat' dir='ltr'>eo</span> <span class='ocrx_word' id='word_1_83' title='bbox 393 762 559 803; x_wconf 80' lang='lat' dir='ltr'>tempore</span> <span class='ocrx_word' id='word_1_84' title='bbox 586 756 740 802; x_wconf 83' lang='lat' dir='ltr'>tingitur</span> <span class='ocrx_word' id='word_1_85' title='bbox 765 755 875 792; x_wconf 78' lang='lat' dir='ltr'>callus</span> <span class='ocrx_word' id='word_1_86' title='bbox 895 783 904 797; x_wconf 91' lang='lat'><em>‚</em></span> <span class='ocrx_word' id='word_1_87' title='bbox 945 763 1006 792; x_wconf 91' lang='lat' dir='ltr'>aut</span> <span class='ocrx_word' id='word_1_88' title='bbox 1037 755 1212 804; x_wconf 73' lang='lat' dir='ltr'>cartilago</span> <span class='ocrx_word' id='word_1_89' title='bbox 1236 751 1276 804; x_wconf 81' lang='grc' dir='ltr'>ο)</span> <span class='ocrx_word' id='word_1_90' title='bbox 1298 785 1307 798; x_wconf 93' lang='grc'><em>,</em></span> <span class='ocrx_word' id='word_1_91' title='bbox 1341 769 1418 806; x_wconf 88' lang='lat' dir='ltr'>quo</span> <span class='ocrx_word' id='word_1_92' title='bbox 1450 758 1638 800; x_wconf 84' lang='lat' dir='ltr'>offescunt·</span> 
     </span>
     <span class='ocr_line' id='line_1_11' title="bbox 86 809 1468 866; baseline 0.001 -18"><span class='ocrx_word' id='word_1_93' title='bbox 86 809 184 848; x_wconf 89' lang='lat' dir='ltr'>Hinc</span> <span class='ocrx_word' id='word_1_94' title='bbox 213 812 251 846; x_wconf 93' lang='lat' dir='ltr'>in</span> <span class='ocrx_word' id='word_1_95' title='bbox 284 811 397 847; x_wconf 74' lang='lat' dir='ltr'>tinclo</span> <span class='ocrx_word' id='word_1_96' title='bbox 426 810 498 848; x_wconf 79' lang='lat' dir='ltr'>offe</span> <span class='ocrx_word' id='word_1_97' title='bbox 515 839 524 854; x_wconf 91' lang='lat'>‚</span> <span class='ocrx_word' id='word_1_98' title='bbox 558 811 811 866; x_wconf 9' lang='lat' dir='ltr'>edutlapparte</span> <span class='ocrx_word' id='word_1_99' title='bbox 837 819 1018 854; x_wconf 83' lang='lat' dir='ltr'>cretacea‚</span> <span class='ocrx_word' id='word_1_100' title='bbox 1050 813 1164 850; x_wconf 81' lang='lat' dir='ltr'>rubor</span> <span class='ocrx_word' id='word_1_101' title='bbox 1189 811 1329 850; x_wconf 82' lang='lat' dir='ltr'>deletur</span> <span class='ocrx_word' id='word_1_102' title='bbox 1339 813 1393 860; x_wconf 83' lang='lat' dir='ltr'>p).</span> <span class='ocrx_word' id='word_1_103' title='bbox 1458 818 1468 821; x_wconf 80' lang='grc'>“’</span> 
     </span>
    </p>
   </div>
   <div class='ocr_carea' id='block_1_6' title="bbox 85 891 1638 1109">
    <p class='ocr_par' dir='ltr' id='par_1_6' title="bbox 85 891 1638 1109">
     <span class='ocr_line' id='line_1_12' title="bbox 198 891 1638 946; baseline 0.005 -18"><span class='ocrx_word' id='word_1_104' title='bbox 198 891 335 928; x_wconf 83' lang='lat' dir='ltr'>Nonne</span> <span class='ocrx_word' id='word_1_105' title='bbox 371 891 456 928; x_wconf 86' lang='lat' dir='ltr'>ideo</span> <span class='ocrx_word' id='word_1_106' title='bbox 483 891 595 940; x_wconf 80' lang='lat' dir='ltr'><strong>pisces</strong></span> <span class='ocrx_word' id='word_1_107' title='bbox 633 892 855 940; x_wconf 85' lang='lat' dir='ltr'>cartilaginei</span> <span class='ocrx_word' id='word_1_108' title='bbox 888 900 1064 936; x_wconf 83' lang='lat' dir='ltr'>manent,</span> <span class='ocrx_word' id='word_1_109' title='bbox 1100 893 1201 942; x_wconf 80' lang='lat' dir='ltr'>quod</span> <span class='ocrx_word' id='word_1_110' title='bbox 1236 893 1342 943; x_wconf 82' lang='lat' dir='ltr'>ipsis,</span> <span class='ocrx_word' id='word_1_111' title='bbox 1385 907 1469 932; x_wconf 87' lang='lat' dir='ltr'>cum</span> <span class='ocrx_word' id='word_1_112' title='bbox 1501 898 1638 946; x_wconf 84' lang='lat' dir='ltr'>exiguo</span> 
     </span>
     <span class='ocr_line' id='line_1_13' title="bbox 85 947 1635 1000; baseline 0.003 -15"><span class='ocrx_word' id='word_1_113' title='bbox 85 947 198 985; x_wconf 79' lang='lat' dir='ltr'>corde</span> <span class='ocrx_word' id='word_1_114' title='bbox 214 949 250 994; x_wconf 80' lang='lat' dir='ltr'>q)</span> <span class='ocrx_word' id='word_1_115' title='bbox 272 976 281 990; x_wconf 95' lang='lat'>,</span> <span class='ocrx_word' id='word_1_116' title='bbox 323 949 521 997; x_wconf 82' lang='lat' dir='ltr'>paucisque</span> <span class='ocrx_word' id='word_1_117' title='bbox 556 947 640 984; x_wconf 82' lang='lat' dir='ltr'>valis</span> <span class='ocrx_word' id='word_1_118' title='bbox 671 948 871 995; x_wconf 75' lang='lat' dir='ltr'>sanguineis</span> <span class='ocrx_word' id='word_1_119' title='bbox 891 976 901 991; x_wconf 89' lang='lat'><strong>,</strong></span> <span class='ocrx_word' id='word_1_120' title='bbox 938 950 974 985; x_wconf 63' lang='grc' dir='ltr'>ὃς</span> <span class='ocrx_word' id='word_1_121' title='bbox 1003 951 1135 998; x_wconf 83' lang='lat' dir='ltr'>exigua</span> <span class='ocrx_word' id='word_1_122' title='bbox 1163 950 1343 998; x_wconf 77' lang='lat' dir='ltr'>sanguinis</span> <span class='ocrx_word' id='word_1_123' title='bbox 1363 950 1399 994; x_wconf 79' lang='lat' dir='ltr'>r)</span> <span class='ocrx_word' id='word_1_124' title='bbox 1435 955 1606 1000; x_wconf 81' lang='lat' dir='ltr'>portione</span> <span class='ocrx_word' id='word_1_125' title='bbox 1625 982 1635 997; x_wconf 87' lang='lat'><strong>,</strong></span> 
     </span>
     <span class='ocr_line' id='line_1_14' title="bbox 86 1003 1633 1058; baseline 0.005 -18"><span class='ocrx_word' id='word_1_126' title='bbox 86 1016 163 1041; x_wconf 87' lang='lat' dir='ltr'>non</span> <span class='ocrx_word' id='word_1_127' title='bbox 187 1003 253 1040; x_wconf 82' lang='lat' dir='ltr'>smt</span> <span class='ocrx_word' id='word_1_128' title='bbox 279 1005 336 1041; x_wconf 84' lang='lat' dir='ltr'>vel</span> <span class='ocrx_word' id='word_1_129' title='bbox 360 1004 430 1040; x_wconf 77' lang='lat' dir='ltr'>lata</span> <span class='ocrx_word' id='word_1_130' title='bbox 453 1004 531 1041; x_wconf 83' lang='lat' dir='ltr'>satis</span> <span class='ocrx_word' id='word_1_131' title='bbox 560 1003 634 1040; x_wconf 81' lang='lat' dir='ltr'>vasa</span> <span class='ocrx_word' id='word_1_132' title='bbox 652 1032 663 1046; x_wconf 93' lang='lat'>,</span> <span class='ocrx_word' id='word_1_133' title='bbox 697 1005 753 1041; x_wconf 90' lang='lat' dir='ltr'>vel</span> <span class='ocrx_word' id='word_1_134' title='bbox 780 1005 858 1041; x_wconf 87' lang='lat' dir='ltr'>satis</span> <span class='ocrx_word' id='word_1_135' title='bbox 889 1007 1049 1042; x_wconf 87' lang='lat' dir='ltr'>materiei</span> <span class='ocrx_word' id='word_1_136' title='bbox 1074 1014 1220 1049; x_wconf 49' lang='grc' dir='ltr'>ἵεσθε,</span> <span class='ocrx_word' id='word_1_137' title='bbox 1255 1009 1350 1044; x_wconf 80' lang='lat' dir='ltr'>utin</span> <span class='ocrx_word' id='word_1_138' title='bbox 1378 1007 1452 1046; x_wconf 84' lang='lat' dir='ltr'>offa</span> <span class='ocrx_word' id='word_1_139' title='bbox 1476 1009 1633 1058; x_wconf 75' lang='lat' dir='ltr'>deponi,</span> 
     </span>
     <span class='ocr_line' id='line_1_15' title="bbox 85 1060 1304 1109; baseline 0.002 -13"><span class='ocrx_word' id='word_1_140' title='bbox 85 1072 224 1109; x_wconf 88' lang='lat' dir='ltr'>eaque,</span> <span class='ocrx_word' id='word_1_141' title='bbox 258 1071 303 1096; x_wconf 79' lang='lat' dir='ltr'>ex</span> <span class='ocrx_word' id='word_1_142' title='bbox 323 1060 551 1108; x_wconf 67' lang='lat' dir='ltr'>cartilaginea</span> <span class='ocrx_word' id='word_1_143' title='bbox 572 1068 722 1102; x_wconf 84' lang='lat' dir='ltr'>natura,</span> <span class='ocrx_word' id='word_1_144' title='bbox 758 1061 796 1096; x_wconf 92' lang='lat' dir='ltr'>in</span> <span class='ocrx_word' id='word_1_145' title='bbox 818 1073 943 1098; x_wconf 87' lang='lat' dir='ltr'>verum</span> <span class='ocrx_word' id='word_1_146' title='bbox 965 1073 1006 1097; x_wconf 86' lang='lat' dir='ltr'>os</span> <span class='ocrx_word' id='word_1_147' title='bbox 1028 1061 1135 1109; x_wconf 80' lang='lat' dir='ltr'>poflit</span> <span class='ocrx_word' id='word_1_148' title='bbox 1155 1071 1304 1099; x_wconf 85' lang='lat' dir='ltr'>mutare.</span> 
     </span>
    </p>
   </div>
   <div class='ocr_carea' id='block_1_7' title="bbox 85 1139 1635 1245">
    <p class='ocr_par' dir='ltr' id='par_1_7' title="bbox 85 1139 1635 1245">
     <span class='ocr_line' id='line_1_16' title="bbox 199 1139 1635 1196; baseline 0.006 -20"><span class='ocrx_word' id='word_1_149' title='bbox 199 1139 296 1177; x_wconf 86' lang='lat' dir='ltr'>Hinc</span> <span class='ocrx_word' id='word_1_150' title='bbox 324 1142 410 1176; x_wconf 87' lang='lat' dir='ltr'>cetis</span> <span class='ocrx_word' id='word_1_151' title='bbox 434 1153 515 1178; x_wconf 84' lang='lat' dir='ltr'>vera</span> <span class='ocrx_word' id='word_1_152' title='bbox 539 1140 619 1178; x_wconf 85' lang='lat' dir='ltr'>offa.</span> <span class='ocrx_word' id='word_1_153' title='bbox 658 1140 724 1178; x_wconf 90' lang='lat' dir='ltr'>His</span> <span class='ocrx_word' id='word_1_154' title='bbox 747 1142 845 1178; x_wconf 86' lang='lat' dir='ltr'>enim</span> <span class='ocrx_word' id='word_1_155' title='bbox 871 1153 935 1179; x_wconf 88' lang='lat' dir='ltr'>cor</span> <span class='ocrx_word' id='word_1_156' title='bbox 959 1153 1161 1190; x_wconf 85' lang='lat' dir='ltr'>magnum,</span> <span class='ocrx_word' id='word_1_157' title='bbox 1194 1143 1270 1180; x_wconf 86' lang='lat' dir='ltr'>vasa</span> <span class='ocrx_word' id='word_1_158' title='bbox 1289 1144 1464 1193; x_wconf 84' lang='lat' dir='ltr'>grandia,</span> <span class='ocrx_word' id='word_1_159' title='bbox 1494 1145 1635 1196; x_wconf 82' lang='lat' dir='ltr'>sanguis</span> 
     </span>
     <span class='ocr_line' id='line_1_17' title="bbox 85 1196 404 1245; baseline -0.01 -11"><span class='ocrx_word' id='word_1_160' title='bbox 85 1197 135 1234; x_wconf 87' lang='lat' dir='ltr'>est</span> <span class='ocrx_word' id='word_1_161' title='bbox 161 1196 340 1245; x_wconf 86' lang='lat' dir='ltr'>plurimus</span> <span class='ocrx_word' id='word_1_162' title='bbox 356 1198 404 1242; x_wconf 77' lang='lat' dir='ltr'>s)</span> 
     </span>
    </p>
   </div>
   <div class='ocr_carea' id='block_1_8' title="bbox 622 1283 1100 1333">
    <p class='ocr_par' dir='ltr' id='par_1_8' title="bbox 622 1283 1100 1333">
     <span class='ocr_line' id='line_1_18' title="bbox 622 1283 1100 1333; baseline 0.002 -11"><span class='ocrx_word' id='word_1_163' title='bbox 622 1288 653 1329; x_wconf 60' lang='grc' dir='ltr'>ἓ.</span> <span class='ocrx_word' id='word_1_164' title='bbox 681 1283 847 1323; x_wconf 83' lang='lat' dir='ltr'>XXVII.</span> <span class='ocrx_word' id='word_1_165' title='bbox 911 1286 1100 1333; x_wconf 75' lang='lat' dir='ltr'>Cnrtl&#39;lago.</span> 
     </span>
    </p>
   </div>
   <div class='ocr_carea' id='block_1_9' title="bbox 85 1373 1636 1526">
    <p class='ocr_par' dir='ltr' id='par_1_9' title="bbox 85 1373 1636 1526">
     <span class='ocr_line' id='line_1_19' title="bbox 200 1373 1636 1429; baseline 0.004 -18"><span class='ocrx_word' id='word_1_166' title='bbox 200 1373 270 1412; x_wconf 82' lang='lat' dir='ltr'>Etfi</span> <span class='ocrx_word' id='word_1_167' title='bbox 299 1373 472 1422; x_wconf 81' lang='lat' dir='ltr'>cartilago</span> <span class='ocrx_word' id='word_1_168' title='bbox 503 1373 584 1411; x_wconf 84' lang='lat' dir='ltr'>offis</span> <span class='ocrx_word' id='word_1_169' title='bbox 618 1374 803 1424; x_wconf 81' lang='lat' dir='ltr'>quoddam</span> <span class='ocrx_word' id='word_1_170' title='bbox 830 1377 973 1428; x_wconf 88' lang='lat' dir='ltr'>initium</span> <span class='ocrx_word' id='word_1_171' title='bbox 999 1377 1071 1418; x_wconf 87' lang='lat' dir='ltr'>est,</span> <span class='ocrx_word' id='word_1_172' title='bbox 1107 1377 1143 1413; x_wconf 64' lang='grc' dir='ltr'>ὃς</span> <span class='ocrx_word' id='word_1_173' title='bbox 1160 1376 1240 1414; x_wconf 87' lang='lat' dir='ltr'>offis</span> <span class='ocrx_word' id='word_1_174' title='bbox 1260 1378 1448 1416; x_wconf 84' lang='lat' dir='ltr'>occafione</span> <span class='ocrx_word' id='word_1_175' title='bbox 1464 1379 1636 1429; x_wconf 83' lang='lat' dir='ltr'>pleraque</span> 
     </span>
     <span class='ocr_line' id='line_1_20' title="bbox 86 1431 1636 1485; baseline 0.004 -17"><span class='ocrx_word' id='word_1_176' title='bbox 86 1432 245 1468; x_wconf 73' lang='lat' dir='ltr'>diximus</span> <span class='ocrx_word' id='word_1_177' title='bbox 263 1433 301 1473; x_wconf 81' lang='lat' dir='ltr'>a)</span> <span class='ocrx_word' id='word_1_178' title='bbox 319 1458 327 1472; x_wconf 92' lang='lat'><strong>,</strong></span> <span class='ocrx_word' id='word_1_179' title='bbox 360 1443 439 1479; x_wconf 86' lang='lat' dir='ltr'>quae</span> <span class='ocrx_word' id='word_1_180' title='bbox 463 1431 507 1468; x_wconf 90' lang='lat' dir='ltr'>ad</span> <span class='ocrx_word' id='word_1_181' title='bbox 535 1432 781 1479; x_wconf 84' lang='lat' dir='ltr'>cartilaginem</span> <span class='ocrx_word' id='word_1_182' title='bbox 806 1434 1014 1481; x_wconf 84' lang='lat' dir='ltr'>pertinent,</span> <span class='ocrx_word' id='word_1_183' title='bbox 1054 1433 1209 1482; x_wconf 84' lang='lat' dir='ltr'>superest</span> <span class='ocrx_word' id='word_1_184' title='bbox 1242 1441 1387 1479; x_wconf 86' lang='lat' dir='ltr'>tamen,</span> <span class='ocrx_word' id='word_1_185' title='bbox 1428 1436 1530 1485; x_wconf 80' lang='lat' dir='ltr'>quo&#39;d</span> <span class='ocrx_word' id='word_1_186' title='bbox 1559 1449 1636 1474; x_wconf 91' lang='lat' dir='ltr'>non</span> 
     </span>
     <span class='ocr_line' id='line_1_21' title="bbox 85 1486 448 1526; baseline -0.006 0"><span class='ocrx_word' id='word_1_187' title='bbox 85 1487 261 1526; x_wconf 84' lang='lat' dir='ltr'>inutiliter</span> <span class='ocrx_word' id='word_1_188' title='bbox 289 1486 448 1524; x_wconf 86' lang='lat' dir='ltr'>addatur.</span> 
     </span>
    </p>
   </div>
   <div class='ocr_carea' id='block_1_10' title="bbox 83 1567 1633 1842">
    <p class='ocr_par' dir='ltr' id='par_1_10' title="bbox 83 1567 1633 1842">
     <span class='ocr_line' id='line_1_22' title="bbox 199 1567 1633 1620; baseline 0.003 -14"><span class='ocrx_word' id='word_1_189' title='bbox 199 1567 425 1616; x_wconf 79' lang='lat' dir='ltr'>Cartilaginis</span> <span class='ocrx_word' id='word_1_190' title='bbox 452 1568 582 1606; x_wconf 83' lang='lat' dir='ltr'>fabrica</span> <span class='ocrx_word' id='word_1_191' title='bbox 608 1568 725 1606; x_wconf 88' lang='lat' dir='ltr'>multo</span> <span class='ocrx_word' id='word_1_192' title='bbox 742 1597 751 1611; x_wconf 92' lang='lat'>‚</span> <span class='ocrx_word' id='word_1_193' title='bbox 785 1581 894 1617; x_wconf 84' lang='lat' dir='ltr'>quam</span> <span class='ocrx_word' id='word_1_194' title='bbox 914 1568 1021 1610; x_wconf 40' lang='lat' dir='ltr'>offis)</span> <span class='ocrx_word' id='word_1_195' title='bbox 1058 1569 1247 1607; x_wconf 73' lang='lat' dir='ltr'>obscurior</span> <span class='ocrx_word' id='word_1_196' title='bbox 1273 1570 1330 1607; x_wconf 84' lang='lat' dir='ltr'>est.</span> <span class='ocrx_word' id='word_1_197' title='bbox 1392 1569 1435 1607; x_wconf 91' lang='lat' dir='ltr'>In</span> <span class='ocrx_word' id='word_1_198' title='bbox 1464 1573 1633 1620; x_wconf 80' lang='lat' dir='ltr'>primaeva</span> 
     </span>
     <span class='ocr_line' id='line_1_23' title="bbox 85 1625 1633 1676; baseline 0.002 -14"><span class='ocrx_word' id='word_1_199' title='bbox 85 1625 179 1662; x_wconf 82' lang='lat' dir='ltr'>fetus</span> <span class='ocrx_word' id='word_1_200' title='bbox 206 1625 412 1672; x_wconf 81' lang='lat' dir='ltr'>cartilagine</span> <span class='ocrx_word' id='word_1_201' title='bbox 430 1653 438 1666; x_wconf 91' lang='lat'>,</span> <span class='ocrx_word' id='word_1_202' title='bbox 475 1625 571 1662; x_wconf 72' lang='lat' dir='ltr'>nulla</span> <span class='ocrx_word' id='word_1_203' title='bbox 602 1626 759 1673; x_wconf 70' lang='lat' dir='ltr'>partium</span> <span class='ocrx_word' id='word_1_204' title='bbox 786 1626 834 1661; x_wconf 85' lang='lat' dir='ltr'>est</span> <span class='ocrx_word' id='word_1_205' title='bbox 864 1625 1040 1662; x_wconf 63' lang='lat' dir='ltr'>distinstio</span> <span class='ocrx_word' id='word_1_206' title='bbox 1057 1625 1124 1671; x_wconf 74' lang='lat' dir='ltr'>h&gt;;</span> <span class='ocrx_word' id='word_1_207' title='bbox 1157 1628 1288 1673; x_wconf 82' lang='lat' dir='ltr'>exigua</span> <span class='ocrx_word' id='word_1_208' title='bbox 1310 1627 1345 1661; x_wconf 76' lang='lat' dir='ltr'>In</span> <span class='ocrx_word' id='word_1_209' title='bbox 1370 1626 1540 1676; x_wconf 74' lang='lat' dir='ltr'>larynge,</span> <span class='ocrx_word' id='word_1_210' title='bbox 1578 1630 1633 1665; x_wconf 87' lang='lat' dir='ltr'>in-</span> 
     </span>
     <span class='ocr_line' id='line_1_24' title="bbox 83 1680 1632 1731; baseline -0.002 -13"><span class='ocrx_word' id='word_1_211' title='bbox 83 1693 158 1731; x_wconf 86' lang='lat' dir='ltr'>que</span> <span class='ocrx_word' id='word_1_212' title='bbox 175 1682 353 1717; x_wconf 79' lang='lat' dir='ltr'>costarum</span> <span class='ocrx_word' id='word_1_213' title='bbox 369 1681 636 1728; x_wconf 69' lang='lat' dir='ltr'>cartilaginibus</span> <span class='ocrx_word' id='word_1_214' title='bbox 654 1708 665 1722; x_wconf 88' lang='lat'>,</span> <span class='ocrx_word' id='word_1_215' title='bbox 699 1692 778 1729; x_wconf 67' lang='lat' dir='ltr'>quae</span> <span class='ocrx_word' id='word_1_216' title='bbox 798 1680 995 1718; x_wconf 84' lang='lat' dir='ltr'>secundum</span> <span class='ocrx_word' id='word_1_217' title='bbox 1018 1681 1134 1717; x_wconf 80' lang='lat' dir='ltr'>solitas</span> <span class='ocrx_word' id='word_1_218' title='bbox 1150 1690 1284 1718; x_wconf 76' lang='lat' dir='ltr'>naturae</span> <span class='ocrx_word' id='word_1_219' title='bbox 1304 1682 1401 1730; x_wconf 67' lang='lat' dir='ltr'>leges</span> <span class='ocrx_word' id='word_1_220' title='bbox 1421 1713 1429 1725; x_wconf 79' lang='lat'>‚</span> <span class='ocrx_word' id='word_1_221' title='bbox 1458 1692 1519 1720; x_wconf 81' lang='lat' dir='ltr'>aut</span> <span class='ocrx_word' id='word_1_222' title='bbox 1539 1697 1632 1721; x_wconf 85' lang='lat' dir='ltr'>nun..</span> 
     </span>
     <span class='ocr_line' id='line_1_25' title="bbox 84 1736 1630 1788; baseline 0.002 -15"><span class='ocrx_word' id='word_1_223' title='bbox 84 1749 196 1786; x_wconf 88' lang='lat' dir='ltr'>quarn</span> <span class='ocrx_word' id='word_1_224' title='bbox 217 1738 255 1772; x_wconf 87' lang='lat' dir='ltr'>in</span> <span class='ocrx_word' id='word_1_225' title='bbox 276 1749 316 1772; x_wconf 81' lang='lat' dir='ltr'>os</span> <span class='ocrx_word' id='word_1_226' title='bbox 335 1743 520 1773; x_wconf 74' lang='lat' dir='ltr'>mutantur</span> <span class='ocrx_word' id='word_1_227' title='bbox 537 1765 547 1779; x_wconf 83' lang='lat'>,</span> <span class='ocrx_word' id='word_1_228' title='bbox 579 1745 641 1773; x_wconf 84' lang='lat' dir='ltr'>aut</span> <span class='ocrx_word' id='word_1_229' title='bbox 663 1748 770 1785; x_wconf 86' lang='lat' dir='ltr'>quam</span> <span class='ocrx_word' id='word_1_230' title='bbox 789 1736 988 1774; x_wconf 77' lang='lat' dir='ltr'>tardislime.</span> <span class='ocrx_word' id='word_1_231' title='bbox 1050 1737 1232 1784; x_wconf 80' lang='lat' dir='ltr'>Majorem</span> <span class='ocrx_word' id='word_1_232' title='bbox 1254 1746 1393 1787; x_wconf 75' lang='lat' dir='ltr'>partem</span> <span class='ocrx_word' id='word_1_233' title='bbox 1415 1740 1630 1788; x_wconf 83' lang='lat' dir='ltr'>cartilaginis</span> 
     </span>
     <span class='ocr_line' id='line_1_26' title="bbox 85 1792 1632 1842; baseline 0.003 -13"><span class='ocrx_word' id='word_1_234' title='bbox 85 1793 243 1841; x_wconf 83' lang='lat' dir='ltr'>adparet,</span> <span class='ocrx_word' id='word_1_235' title='bbox 267 1792 363 1840; x_wconf 80' lang='lat' dir='ltr'>quasi</span> <span class='ocrx_word' id='word_1_236' title='bbox 380 1793 518 1830; x_wconf 86' lang='lat' dir='ltr'>duriori</span> <span class='ocrx_word' id='word_1_237' title='bbox 538 1792 705 1830; x_wconf 86' lang='lat' dir='ltr'>cellulosa</span> <span class='ocrx_word' id='word_1_238' title='bbox 727 1792 795 1829; x_wconf 84' lang='lat' dir='ltr'>tela</span> <span class='ocrx_word' id='word_1_239' title='bbox 817 1792 912 1834; x_wconf 89' lang='lat' dir='ltr'>fieri,</span> <span class='ocrx_word' id='word_1_240' title='bbox 934 1793 978 1829; x_wconf 88' lang='lat' dir='ltr'>de</span> <span class='ocrx_word' id='word_1_241' title='bbox 1002 1805 1070 1842; x_wconf 84' lang='lat' dir='ltr'>qua</span> <span class='ocrx_word' id='word_1_242' title='bbox 1092 1793 1292 1842; x_wconf 76' lang='lat' dir='ltr'>squamulas</span> <span class='ocrx_word' id='word_1_243' title='bbox 1309 1794 1462 1832; x_wconf 79' lang='lat' dir='ltr'>auferas:</span> <span class='ocrx_word' id='word_1_244' title='bbox 1482 1797 1632 1836; x_wconf 77' lang='lat' dir='ltr'>interior</span> 
     </span>
    </p>
   </div>
   <div class='ocr_carea' id='block_1_11' title="bbox 84 1848 1630 1945">
    <p class='ocr_par' dir='ltr' id='par_1_11' title="bbox 84 1848 1630 1945">
     <span class='ocr_line' id='line_1_27' title="bbox 84 1848 1201 1898; baseline 0.002 -14"><span class='ocrx_word' id='word_1_245' title='bbox 84 1851 196 1886; x_wconf 87' lang='lat' dir='ltr'>micas</span> <span class='ocrx_word' id='word_1_246' title='bbox 215 1848 322 1885; x_wconf 86' lang='lat' dir='ltr'>habet</span> <span class='ocrx_word' id='word_1_247' title='bbox 342 1850 511 1898; x_wconf 86' lang='lat' dir='ltr'>quasdam</span> <span class='ocrx_word' id='word_1_248' title='bbox 531 1877 540 1891; x_wconf 89' lang='lat'>,</span> <span class='ocrx_word' id='word_1_249' title='bbox 573 1849 715 1886; x_wconf 79' lang='lat' dir='ltr'>alterius</span> <span class='ocrx_word' id='word_1_250' title='bbox 733 1849 872 1895; x_wconf 16' lang='lat' dir='ltr'>*coloris</span> <span class='ocrx_word' id='word_1_251' title='bbox 892 1851 1042 1886; x_wconf 81' lang='lat' dir='ltr'>materie</span> <span class='ocrx_word' id='word_1_252' title='bbox 1063 1850 1201 1887; x_wconf 60' lang='lat' dir='ltr'>cincias.</span> 
     </span>
     <span class='ocr_line' id='line_1_28' title="bbox 1510 1906 1630 1945; baseline 0.008 -1"><span class='ocrx_word' id='word_1_253' title='bbox 1510 1906 1630 1945; x_wconf 85' lang='lat' dir='ltr'>Fibras</span> 
     </span>
    </p>
   </div>
   <div class='ocr_carea' id='block_1_12' title="bbox 123 1980 1628 2139">
    <p class='ocr_par' dir='ltr' id='par_1_12' title="bbox 125 1980 1095 2019">
     <span class='ocr_line' id='line_1_29' title="bbox 125 1980 1095 2019; baseline 0 -10"><span class='ocrx_word' id='word_1_254' title='bbox 125 1981 170 2015; x_wconf 86' lang='lat' dir='ltr'>m]</span> <span class='ocrx_word' id='word_1_255' title='bbox 187 1980 284 2009; x_wconf 72' lang='lat' dir='ltr'>Passim</span> <span class='ocrx_word' id='word_1_256' title='bbox 303 1988 402 2010; x_wconf 77' lang='lat' dir='ltr'>monet</span> <span class='ocrx_word' id='word_1_257' title='bbox 420 1981 513 2019; x_wconf 75' lang='lat' dir='ltr'>ampla</span> <span class='ocrx_word' id='word_1_258' title='bbox 531 1981 585 2010; x_wconf 72' lang='lat' dir='ltr'>effe</span> <span class='ocrx_word' id='word_1_259' title='bbox 606 1981 647 2011; x_wconf 78' lang='lat' dir='ltr'>el.</span> <span class='ocrx_word' id='word_1_260' title='bbox 665 1981 847 2013; x_wconf 56' lang='lat' dir='ltr'>Wamssaf.</span> <span class='ocrx_word' id='word_1_261' title='bbox 865 1991 888 2018; x_wconf 86' lang='lat'>3.</span> <span class='ocrx_word' id='word_1_262' title='bbox 906 1991 930 2018; x_wconf 91' lang='lat'>7.</span> <span class='ocrx_word' id='word_1_263' title='bbox 948 1988 974 2015; x_wconf 80' lang='lat'>8.</span> <span class='ocrx_word' id='word_1_264' title='bbox 993 1991 1035 2019; x_wconf 84' lang='lat'>¹3-</span> <span class='ocrx_word' id='word_1_265' title='bbox 1053 1991 1095 2018; x_wconf 87' lang='lat'>¹4·</span> 
     </span>
    </p>

    <p class='ocr_par' dir='ltr' id='par_1_13' title="bbox 126 2021 1628 2100">
     <span class='ocr_line' id='line_1_30' title="bbox 126 2021 1628 2063; baseline 0.003 -13"><span class='ocrx_word' id='word_1_266' title='bbox 126 2022 162 2055; x_wconf 88' lang='lat' dir='ltr'>n]</span> <span class='ocrx_word' id='word_1_267' title='bbox 187 2021 230 2050; x_wconf 81' lang='lat' dir='ltr'>Du</span> <span class='ocrx_word' id='word_1_268' title='bbox 246 2022 392 2050; x_wconf 76' lang='lat' dir='ltr'>HAMEL</span> <span class='ocrx_word' id='word_1_269' title='bbox 389 2023 465 2050; x_wconf 63' lang='lat' dir='ltr'>Hem</span> <span class='ocrx_word' id='word_1_270' title='bbox 490 2024 522 2051; x_wconf 81' lang='lat' dir='ltr'>de</span> <span class='ocrx_word' id='word_1_271' title='bbox 542 2031 624 2059; x_wconf 74' lang='lat'>1743.</span> <span class='ocrx_word' id='word_1_272' title='bbox 640 2032 667 2059; x_wconf 91' lang='lat' dir='ltr'>p.</span> <span class='ocrx_word' id='word_1_273' title='bbox 684 2031 744 2057; x_wconf 70' lang='lat'>103.</span> <span class='ocrx_word' id='word_1_274' title='bbox 769 2021 896 2051; x_wconf 56' lang='lat' dir='ltr'>Pomm</span> <span class='ocrx_word' id='word_1_275' title='bbox 903 2033 941 2051; x_wconf 89' lang='lat' dir='ltr'>o</span> <span class='ocrx_word' id='word_1_276' title='bbox 937 2031 1005 2059; x_wconf 83' lang='lat' dir='ltr'>xp.</span> <span class='ocrx_word' id='word_1_277' title='bbox 1021 2031 1066 2058; x_wconf 86' lang='lat'>23.</span> <span class='ocrx_word' id='word_1_278' title='bbox 1083 2031 1146 2059; x_wconf 82' lang='lat'>143·</span> <span class='ocrx_word' id='word_1_279' title='bbox 1172 2022 1368 2053; x_wconf 62' lang='lat' dir='ltr'>Hssaxssmw.</span> <span class='ocrx_word' id='word_1_280' title='bbox 1386 2026 1481 2056; x_wconf 47' lang='lat' dir='ltr'>silem.</span> <span class='ocrx_word' id='word_1_281' title='bbox 1499 2027 1628 2063; x_wconf 82' lang='lat' dir='ltr'>de1758.</span> 
     </span>
     <span class='ocr_line' id='line_1_31' title="bbox 127 2061 1062 2100; baseline 0.002 -11"><span class='ocrx_word' id='word_1_282' title='bbox 127 2061 157 2095; x_wconf 77' lang='lat' dir='ltr'>o]</span> <span class='ocrx_word' id='word_1_283' title='bbox 180 2061 222 2089; x_wconf 90' lang='lat' dir='ltr'>Du</span> <span class='ocrx_word' id='word_1_284' title='bbox 240 2061 353 2090; x_wconf 50' lang='lat' dir='ltr'>Hom</span> <span class='ocrx_word' id='word_1_285' title='bbox 370 2063 424 2091; x_wconf 58' lang='lat' dir='ltr'>M.»</span> <span class='ocrx_word' id='word_1_286' title='bbox 426 2073 462 2092; x_wconf 40' lang='lat' dir='ltr'>mn</span> <span class='ocrx_word' id='word_1_287' title='bbox 480 2064 513 2091; x_wconf 69' lang='lat' dir='ltr'>de</span> <span class='ocrx_word' id='word_1_288' title='bbox 530 2072 613 2100; x_wconf 75' lang='lat'>1739.</span> <span class='ocrx_word' id='word_1_289' title='bbox 632 2073 660 2100; x_wconf 83' lang='lat' dir='ltr'>p.</span> <span class='ocrx_word' id='word_1_290' title='bbox 680 2073 723 2092; x_wconf 74' lang='grc' dir='ltr'>ιο.</span> <span class='ocrx_word' id='word_1_291' title='bbox 754 2061 951 2091; x_wconf 61' lang='grc' dir='ltr'>Εουειωουὶι</span> <span class='ocrx_word' id='word_1_292' title='bbox 970 2072 999 2099; x_wconf 86' lang='lat' dir='ltr'>p.</span> <span class='ocrx_word' id='word_1_293' title='bbox 1016 2066 1062 2092; x_wconf 84' lang='lat'>26.</span> 
     </span>
    </p>

    <p class='ocr_par' dir='ltr' id='par_1_14' title="bbox 123 2101 484 2139">
     <span class='ocr_line' id='line_1_32' title="bbox 123 2101 484 2139; baseline 0 -9"><span class='ocrx_word' id='word_1_294' title='bbox 123 2101 350 2139; x_wconf 70' lang='lat' dir='ltr'>p]F0thi‹o</span> <span class='ocrx_word' id='word_1_295' title='bbox 350 2111 378 2130; x_wconf 71' lang='lat' dir='ltr'>X</span> <span class='ocrx_word' id='word_1_296' title='bbox 394 2111 420 2138; x_wconf 91' lang='lat' dir='ltr'>p.</span> <span class='ocrx_word' id='word_1_297' title='bbox 440 2111 484 2139; x_wconf 76' lang='lat'>23.</span> 
     </span>
    </p>
   </div>
   <div class='ocr_carea' id='block_1_13' title="bbox 127 2140 399 2215">
    <p class='ocr_par' dir='ltr' id='par_1_15' title="bbox 127 2140 399 2215">
     <span class='ocr_line' id='line_1_33' title="bbox 127 2140 399 2215; baseline 0.005 -38.286"><span class='ocrx_word' id='word_1_298' title='bbox 127 2140 275 2215; x_wconf 34' lang='grc' dir='ltr'>«ἓξ-Η</span> <span class='ocrx_word' id='word_1_299' title='bbox 291 2151 399 2178; x_wconf 71' lang='lat' dir='ltr'>p299.</span> 
     </span>
    </p>
   </div>
   <div class='ocr_carea' id='block_1_14' title="bbox 127 2220 788 2258">
    <p class='ocr_par' dir='ltr' id='par_1_16' title="bbox 127 2220 788 2258">
     <span class='ocr_line' id='line_1_34' title="bbox 127 2220 788 2258; baseline 0 -7"><span class='ocrx_word' id='word_1_300' title='bbox 127 2221 155 2256; x_wconf 82' lang='lat'>5]</span> <span class='ocrx_word' id='word_1_301' title='bbox 181 2221 208 2250; x_wconf 90' lang='lat' dir='ltr'>L.</span> <span class='ocrx_word' id='word_1_302' title='bbox 227 2220 256 2250; x_wconf 85' lang='lat' dir='ltr'>V.</span> <span class='ocrx_word' id='word_1_303' title='bbox 279 2230 303 2258; x_wconf 89' lang='lat' dir='ltr'>p.</span> <span class='ocrx_word' id='word_1_304' title='bbox 322 2224 347 2250; x_wconf 94' lang='lat'>6.</span> <span class='ocrx_word' id='word_1_305' title='bbox 373 2222 399 2250; x_wconf 61' lang='grc' dir='ltr'>ἃ</span> <span class='ocrx_word' id='word_1_306' title='bbox 417 2221 492 2258; x_wconf 86' lang='lat' dir='ltr'>apud</span> <span class='ocrx_word' id='word_1_307' title='bbox 506 2221 641 2251; x_wconf 65' lang='lat' dir='ltr'>Buri-ou.</span> <span class='ocrx_word' id='word_1_308' title='bbox 660 2221 693 2251; x_wconf 92' lang='lat' dir='ltr'>T.</span> <span class='ocrx_word' id='word_1_309' title='bbox 709 2221 788 2251; x_wconf 80' lang='lat' dir='ltr'>XIII.</span> 
     </span>
    </p>
   </div>
   <div class='ocr_carea' id='block_1_15' title="bbox 127 2260 379 2337">
    <p class='ocr_par' dir='ltr' id='par_1_17' title="bbox 127 2260 379 2337">
     <span class='ocr_line' id='line_1_35' title="bbox 129 2260 379 2298; baseline 0.012 -3"><span class='ocrx_word' id='word_1_310' title='bbox 129 2262 163 2295; x_wconf 88' lang='lat' dir='ltr'>a]</span> <span class='ocrx_word' id='word_1_311' title='bbox 186 2272 213 2297; x_wconf 78' lang='lat' dir='ltr'>r&gt;</span> <span class='ocrx_word' id='word_1_312' title='bbox 241 2271 304 2298; x_wconf 80' lang='lat'><em>3¹0-</em></span> <span class='ocrx_word' id='word_1_313' title='bbox 322 2260 379 2298; x_wconf 76' lang='lat' dir='ltr'>sqq</span> 
     </span>
     <span class='ocr_line' id='line_1_36' title="bbox 127 2301 220 2337; baseline -0.012 -6"><span class='ocrx_word' id='word_1_314' title='bbox 127 2301 160 2337; x_wconf 87' lang='lat' dir='ltr'>b]</span> <span class='ocrx_word' id='word_1_315' title='bbox 183 2301 220 2330; x_wconf 89' lang='lat' dir='ltr'>ib.</span> 
     </span>
    </p>
   </div>
   <div class='ocr_carea' id='block_1_16' title="bbox 142 2376 1207 2424">
    <p class='ocr_par' dir='ltr' id='par_1_18' title="bbox 142 2376 1207 2424">
     <span class='ocr_line' id='line_1_37' title="bbox 142 2376 1207 2424; baseline 0.003 -10"><span class='ocrx_word' id='word_1_316' title='bbox 142 2376 304 2415; x_wconf 73' lang='lat' dir='ltr'>HALLER</span> <span class='ocrx_word' id='word_1_317' title='bbox 335 2376 477 2424; x_wconf 79' lang='lat' dir='ltr'>Phyfiol.</span> <span class='ocrx_word' id='word_1_318' title='bbox 509 2377 617 2416; x_wconf 89' lang='lat' dir='ltr'>Tom.</span> <span class='ocrx_word' id='word_1_319' title='bbox 640 2378 741 2416; x_wconf 88' lang='lat' dir='ltr'>VIII.</span> <span class='ocrx_word' id='word_1_320' title='bbox 774 2377 811 2415; x_wconf 89' lang='lat' dir='ltr'>P.</span> <span class='ocrx_word' id='word_1_321' title='bbox 831 2377 858 2415; x_wconf 86' lang='grc' dir='ltr'>Ι.</span> <span class='ocrx_word' id='word_1_322' title='bbox 1089 2378 1123 2416; x_wconf 93' lang='lat' dir='ltr'><strong>T</strong></span> <span class='ocrx_word' id='word_1_323' title='bbox 1153 2387 1168 2417; x_wconf 89' lang='lat' dir='ltr'>t</span> <span class='ocrx_word' id='word_1_324' title='bbox 1204 2395 1207 2401; x_wconf 57' lang='grc'><em>’</em></span> 
     </span>
    </p>
   </div>
  </div>
 </body>
</html>
