1955 2732
302 125 353 162 ἐκ
493 110 616 157 ΕΙΒ.
650 107 801 156 XXX.
867 108 1016 156 v1TA
1065 113 1340 156 HUMANA
1384 113 1460 155 ET
1510 113 1691 157 MORS.

301 224 348 254 ex
373 213 486 252 farina
512 212 667 251 nascitur
701 212 748 260 (l
763 214 805 258 ),
841 218 882 251 ut
910 210 1036 248 oleum
1068 210 1332 254 emullionum,
1366 210 1423 249 vel
1450 220 1496 247 ex
1532 211 1676 249 animali
1705 213 1891 262 pinguitu-

301 275 406 317 dine,
427 272 574 323 quando
600 280 769 322 praeterea
789 280 911 309 motus
932 270 1094 309 animalis
1123 271 1263 309 accessit
1277 300 1286 314 ‚
1321 282 1397 321 quo
1419 279 1505 308 acor
1531 270 1678 320 paulum
1699 271 1884 321 subigitur.

301 333 456 374 Globuli
482 333 581 370 rubri
613 344 658 369 ex
688 332 900 381 adipecum
927 331 1024 368 ferro
1052 333 1092 369 in
1115 330 1290 380 globulos
1329 335 1549 380 torquentur
1578 334 1594 378 (
1615 343 1650 367 m
1674 333 1702 376 ).

362 392 488 432 Omne
515 391 667 429 demum
694 393 892 428 humorum
918 401 1034 438 genus
1065 402 1111 428 ex
1142 390 1276 439 triplici
1304 389 1478 427 alimento
1515 391 1552 427 in
1577 389 1681 440 pullo
1712 388 1890 433 nascitur,

307 464 449 504 nqueo,
483 452 595 489 amnii
623 450 780 489 humore
797 477 808 492 ,
842 449 1045 499 gelatinoso
1073 450 1257 489 albumine
1275 477 1284 492 .
1310 449 1435 488 oleoso
1463 448 1589 488 vitello
1622 451 1681 498 (n
1698 453 1728 498 ).

563 563 609 615 ’5.
646 567 719 607 VI.
775 567 824 606 Ut
850 574 1038 618 reparetur
1061 569 1207 616 jactura
1225 567 1427 618 solidarum
1448 570 1622 618 partium.

363 688 558 728 Materiam
589 690 745 738 primam
775 686 938 725 dicemus
956 715 965 730 ,
1000 687 1086 724 inde
1117 686 1283 725 modum.

367 747 433 788 Illa
468 747 617 797 quidem
643 748 694 785 est
713 744 939 797 potissimum
969 747 1127 796 gelatina
1159 748 1170 786 (
1187 748 1238 790 a)
1277 745 1439 784 animalis
1457 774 1467 789 ,
1501 744 1604 796 quod
1628 744 1711 783 alias
1741 744 1897 782 ostendi-

311 821 404 847 mus.
456 807 603 846 Deinde
623 812 680 844 aer
712 807 786 854 (h)
817 806 979 849 accedit,
1015 807 1118 854 cujus
1138 800 1304 843 “‘adhaefio
1334 805 1380 843 ad
1410 806 1540 854 gluten
1566 805 1744 843 elementa
1768 806 1897 842 uniens

309 867 452 906 videtur
484 865 719 903 necessarium
748 864 817 903 esse
849 865 1116 903 elementorum
1146 865 1358 907 vinculum,
1395 864 1459 902 etsi
1482 877 1560 902 non
1580 865 1657 901 satis
1676 871 1809 901 notum
1830 862 1896 904 fit,

309 926 400 978 quid
438 926 544 964 faciat
566 925 610 962 ad
637 925 810 963 uniendas
841 932 959 975 partes
990 936 1192 974 corporum
1225 923 1448 962 elementum
1474 923 1603 972 sponte
1625 923 1685 961 sua
1715 920 1899 960 mobilissi-

310 997 426 1025 mum.
488 984 542 1024 Ut
563 992 604 1022 ut
631 984 674 1022 fit
690 1013 700 1027 ‚
735 997 924 1033 nunquam
950 991 1070 1033 partes
1101 984 1228 1033 aliquae
1254 983 1351 1020 durae,
1373 984 1539 1032 corporis
1565 983 1677 1020 nostri
1705 980 1900 1019 dissolvun-

311 1052 390 1088 tur,
421 1045 509 1094 quin
533 1044 712 1094 plurimus
736 1049 795 1082 aer
815 1043 849 1082 se
877 1055 948 1082 una
969 1042 1156 1093 expediat:
1191 1055 1236 1081 eo
1258 1042 1330 1080 fere
1350 1042 1555 1093 copiosior,
1589 1050 1631 1080 ut
1655 1041 1800 1080 duriora
1820 1040 1901 1079 sunt

313 1116 480 1154 corpora.

371 1162 532 1205 Modus,
566 1175 642 1213 quo
672 1164 843 1201 nutritius
866 1162 1001 1200 humor
1032 1161 1230 1212 adplicatur
1251 1189 1261 1205 ‚
1294 1160 1404 1200 fufius
1446 1162 1518 1208 (c)
1550 1161 1662 1199 dietus
1691 1160 1750 1197 est.
1804 1158 1900 1198 Cum

313 1230 434 1261 tamen
463 1235 529 1265 eo,
565 1234 640 1272 quo
659 1223 772 1260 dictus
798 1223 847 1259 est
861 1250 870 1264 ‚
907 1222 993 1259 loco
1012 1234 1097 1260 cum
1117 1223 1345 1259 incremento
1371 1223 1523 1259 nutritio
1544 1221 1729 1258 misceatur
1744 1247 1753 1262 ,
1773 1217 1903 1256 brevis-

317 1282 404 1322 sime
438 1282 498 1322 hic
533 1281 746 1320 sententiam
783 1283 916 1331 optimi
948 1281 974 1319 P
989 1294 1008 1319 R
1023 1293 1086 1318 ,τεο
1102 1293 1120 1318 Ε
1136 1293 1264 1319 fron
1280 1293 1290 1318 ι
1305 1294 1320 1318 s
1347 1289 1509 1330 repetere
1532 1280 1634 1318 liceat
1659 1279 1696 1316 &
1718 1279 1822 1316 tueri.

374 1342 472 1381 Tota
493 1343 669 1385 nutritio,
708 1348 749 1379 ut
778 1342 896 1379 sermo
929 1340 989 1379 fiat
1010 1339 1210 1390 simplicior
1232 1368 1243 1383 ,
1276 1347 1338 1378 aut
1366 1342 1506 1378 interna
1527 1340 1603 1382 est,
1637 1346 1698 1377 aut
1727 1345 1900 1375 externa:

315 1399 375 1439 illa
400 1400 628 1438 foveolarum
669 1402 873 1448 reparatio,
910 1412 997 1448 quas
1027 1400 1205 1436 elementa
1235 1399 1278 1435 de
1305 1399 1382 1436 vase
1416 1398 1532 1436 avulsa
1557 1398 1811 1447 reliquerunt3
1842 1396 1903 1432 ista

303 1461 507 1498 exterioris
537 1460 682 1497 corticis
707 1457 793 1496 vasis
814 1486 823 1501 ,
858 1458 903 1495 de
942 1469 1018 1507 quo
1049 1465 1173 1495 motus
1205 1456 1418 1495 consumtor
1449 1457 1584 1507 aliquid
1613 1456 1765 1494 abstulit.

379 1518 482 1556 Prior
505 1518 636 1565 juttura
667 1517 712 1554 de
728 1516 885 1554 humore
908 1518 1060 1565 reparari
1080 1515 1220 1564 potest,
1257 1518 1318 1565 qui
1348 1528 1411 1564 pet
1439 1528 1500 1552 vas
1527 1515 1626 1557 fluit,
1662 1515 1763 1562 cujus
1778 1514 1904 1551 intima

317 1579 439 1616 tunica
461 1575 631 1624 jacturam
656 1574 748 1625 passa
769 1575 828 1613 est.
864 1574 907 1612 ln
928 1587 1007 1612 eam
1030 1574 1175 1613 foveam
1206 1576 1221 1617 (
1233 1574 1282 1621 d)
1311 1573 1423 1616 adeo,
1459 1586 1539 1623 quae
1556 1575 1670 1611 inanis
1701 1574 1902 1622 cogitatur,

319 1636 519 1686 impellitur
540 1636 585 1673 de
612 1636 788 1684 proximo
814 1646 894 1684 pars
923 1634 1109 1676 humoris,
1144 1632 1246 1683 quod
1265 1633 1303 1672 id
1320 1645 1379 1672 vas
1402 1633 1590 1684 perfluitur
1611 1662 1621 1677 ,
1655 1632 1756 1683 quod
1779 1632 1905 1669 scrobe

321 1703 534 1734 excavatum
564 1695 622 1732 est.
689 1694 726 1732 Si
758 1706 893 1744 aqueus
922 1694 1001 1736 est,
1035 1692 1060 1731 fi
1094 1693 1230 1731 alienus
1262 1706 1281 1730 a
1312 1700 1438 1731 natura
1473 1693 1714 1742 coagulabili,
1749 1693 1826 1729 exit
1861 1690 1907 1728 de

322 1755 448 1793 scrobe
469 1754 563 1792 male
586 1762 695 1791 tenax
716 1753 957 1795 elementum,
994 1752 1117 1803 quoad
1141 1752 1307 1791 succedat
1337 1753 1433 1790 aliud
1451 1780 1460 1796 ,
1495 1752 1598 1802 quod
1630 1753 1664 1789 vi
1689 1749 1907 1800 coagulabili

324 1815 362 1852 δε
395 1813 575 1865 glutinosa
609 1812 803 1864 praeditum
829 1811 881 1849 fit.
946 1810 989 1851 ld
1022 1824 1122 1863 pone
1152 1814 1260 1850 nimis
1294 1824 1470 1862 magnum
1508 1810 1600 1850 esse:
1634 1810 1789 1861 replebit
1815 1809 1906 1847 adeo

1714 1868 1877 1907 scrobem
1892 1896 1903 1910 ,

429 2040 444 2099 Χ)
466 2079 506 2109 Ex
531 2077 678 2108 albumine
704 2078 801 2108 omnia
829 2076 954 2108 Boru.
979 2079 1050 2116 orig.
1073 2075 1160 2115 fimn.
1189 2087 1217 2117 p.
1243 2083 1308 2114 ¹88-

422 2122 435 2197 3
457 2119 490 2150 L.
507 2119 620 2149 XXle

462 2160 517 2190 ul
551 2170 568 2198 p
595 2164 620 2189 ⁶.
644 2158 985 2190 Mussenmnoucx.
1011 2159 1122 2190 Introd.
1143 2165 1257 2199 p.829.
1288 2158 1519 2191 Mac-Barna
1546 2154 1639 2198 Effizyr
1665 2156 1784 2196 ubique.

425 2203 438 2236 δ
461 2201 492 2231 L.
522 2201 630 2231 XXIX
667 2200 730 2230 Sea.
753 2202 803 2231 IV.

371 2242 383 2273 (
400 2243 419 2270 d
434 2244 445 2278 )
471 2242 539 2273 ibid.
571 2241 698 2272 Nutritio
717 2242 757 2272 est
777 2239 921 2278 appositio
944 2242 1147 2279 particularum
1173 2241 1203 2271 in
1226 2240 1374 2272 interstitia
1398 2240 1442 2270 W
1455 2251 1467 2270 1
1483 2249 1506 2270 Ν
1519 2249 1540 2269 τ
1555 2249 1573 2270 ι
1589 2250 1599 2270 1
1615 2248 1637 2268 n
1651 2248 1672 2269 o
1686 2247 1707 2268 Η
1726 2246 1743 2265 Α
1758 2247 1780 2267 u
1806 2246 1826 2277 p
1855 2245 1906 2275 40.

334 2281 427 2312 video
454 2292 532 2312 nunc
552 2293 611 2313 non
639 2283 887 2313 contemnendum
910 2282 1003 2313 virum
1032 2286 1170 2313 (mierum
1192 2283 1363 2312 Gulielmum
1384 2281 1483 2312 Muvs
1501 2281 1639 2312 fabricam
1658 2279 1782 2309 nostram
1811 2280 1909 2316 conje‘

332 2322 469 2353 scutale-n
489 2323 676 2361 microscopio
692 2324 857 2361 perpexiffe.
886 2323 960 2354 Nam
981 2325 1094 2356 interna
1118 2324 1229 2355 arteriae
1245 2323 1342 2355 tunica
1361 2330 1421 2353 erat
1440 2330 1531 2354 crater
1551 2321 1692 2353 vimineas
1705 2342 1714 2357 .
1735 2319 1791 2352 filis
1804 2317 1910 2351 tenuis-

332 2363 408 2400 ,εἴη
431 2362 588 2397 secundum
612 2363 826 2405 longitudinm
844 2365 872 2398 δι
892 2364 1075 2401 latitudinem
1097 2365 1260 2399 intertextis
1285 2364 1379 2398 faetus
1394 2363 1465 2402 fibr·
1485 2361 1572 2404 musc-
1596 2371 1629 2401 p.
1644 2368 1713 2400 ²84·
