1955 2732
450 121 1287 175 πεπτιεοΝσΕΡτΙο.
1627 134 1683 187 ῆς

115 242 231 282 videri
247 254 259 290 3
289 242 368 280 alia·
383 240 602 279 albuminofi
621 239 775 292 liquoris
795 242 830 284 c)
856 240 1020 290 spumam
1042 241 1168 280 fuisse:
1200 241 1272 281 Go
1286 254 1307 280 E
1321 254 1342 280 ι
1357 236 1405 281 ic
1418 250 1620 283 manum
1647 244 1692 282 il-

99 300 180 345 ,lud
201 300 247 350 d)
273 297 416 350 pafferis
440 300 503 336 ovi
519 297 656 347 aequale
677 298 867 335 manifesto
882 299 994 335 nimia
1017 298 1085 337 effe
1100 298 1210 337 mole.
1271 299 1311 337 Si
1334 312 1417 338 vera
1436 312 1601 349 unquam
1620 313 1691 340 ova

113 357 159 396 de
187 357 332 394 feminis
358 354 582 393 decesserunt
603 353 636 399 e)
654 383 662 397 ,
697 353 800 392 fuiil'e
823 354 1014 403 hydatides
1043 355 1231 394 morbosas
1248 385 1259 399 ‚
1291 358 1452 396 minimo
1474 369 1588 394 raras:
1626 370 1691 395 ne·-

113 426 186 464 que
215 413 405 463 probabile
431 412 533 454 fieri,
566 411 699 461 absque
719 423 850 448 venere
854 409 901 460 f)
922 424 991 449 ova
1019 413 1063 450 de
1090 413 1238 450 feminis
1265 412 1466 456 decedere.
1499 425 1586 451 cum
1607 416 1692 452 vio-

114 469 211 508 lenta
236 476 372 508 naturae
393 469 534 506 afflone
554 467 670 510 solvi,
704 467 763 506 vel
790 479 837 506 ex
863 466 1038 517 sanguine
1065 470 1192 512 effuso,
1213 468 1407 519 adpareat,
1440 482 1553 520 quem
1579 471 1618 507 in
1638 470 1693 510 fe-

116 526 273 565 tundata
301 524 454 564 veficula
479 524 638 563 vidimus
648 523 705 572 g).

230 616 356 663 Quare
388 616 628 655 corollarium
653 614 738 653 inde
767 613 954 665 sequitur,
986 615 1156 657 veficulas
1183 618 1299 657 ovarii
1313 616 1357 666 h)
1381 628 1461 656 non
1492 616 1560 657 effe
1596 630 1688 662 ova,

113 683 236 725 neque
267 673 471 724 primordia
496 674 586 713 novi
616 671 780 710 animalis
809 674 1010 712 continere.

227 789 262 834 §-
290 785 384 826 XX.
447 786 550 824 Fetus
579 788 618 824 in
646 786 785 824 ovariis
810 783 885 835 visi.
942 785 970 825 Ι.
993 785 1217 825 Animalium
1247 784 1397 826 alterius
1419 787 1574 836 generis.

219 875 269 916 Et
290 884 413 915 tamen
441 879 480 914 in
505 878 634 915 ovatio
657 905 666 920 ,
700 877 737 915 δε
761 878 800 914 in
834 876 988 916 vesicula
1021 878 1346 922 GRAAFIANA,
1378 879 1590 917 continetur
1616 879 1692 928 pri-

114 933 305 973 mordium
337 934 525 972 animalis:
557 936 596 972 in
624 932 778 972 vesicula
810 935 981 984 equidem
999 963 1009 978 ,
1042 935 1146 985 quod
1176 935 1268 972 nihil
1297 937 1335 972 in
1361 937 1488 973 ovario
1511 947 1576 984 per
1600 947 1692 973 con-

117 992 329 1040 ceptionem
357 998 542 1034 mutetur‚
577 1003 687 1041 quam
711 997 852 1029 matura
883 991 943 1029 illa
969 992 1006 1029 &
1030 993 1244 1042 prominens
1268 992 1421 1030 vesicula
1442 991 1498 1036 a),
1521 1003 1600 1042 quae
1617 991 1692 1030 sola

116 1054 264 1096 turget,
294 1049 478 1095 rumpitur
500 1046 565 1094 b),
597 1048 795 1085 humorem
815 1047 948 1092 suum,
980 1050 1090 1087 etiam
1107 1048 1340 1098 sanguinem,
1369 1047 1544 1091 effundit,
1577 1049 1614 1086 &
1633 1058 1691 1087 tu-

116 1104 202 1141 bam
231 1103 341 1141 habet
365 1102 430 1140 fibi
454 1103 749 1154 circumpositam
767 1103 811 1148 c).
1577 1103 1599 1141 Χ

1614 1156 1624 1170 Χ

227 1191 272 1231 In
299 1194 427 1231 ovario
452 1194 490 1230 in
514 1193 724 1233 universum
745 1192 784 1230 id
809 1191 877 1230 effe
899 1222 909 1237 ,
939 1193 1043 1244 quod
1073 1194 1114 1232 fit
1141 1196 1179 1232 in
1211 1195 1372 1238 animal,
1406 1196 1443 1232 δε
1474 1206 1522 1233 ex
1560 1196 1689 1234 ovatio

115 1260 182 1300 per
207 1248 404 1288 fecundam
428 1262 600 1288 venerem
620 1251 720 1287 exire
734 1278 743 1292 ‚
775 1251 938 1299 primum
959 1251 1126 1300 analogia
1145 1264 1238 1301 pene
1262 1253 1376 1289 totius
1397 1260 1532 1289 naturae
1555 1252 1687 1290 suadet,

115 1305 244 1345 Paucis
273 1308 370 1344 enim
397 1305 466 1343 illis
484 1306 708 1345 animalculis
731 1308 892 1356 exceptis
908 1335 919 1351 ‚
950 1320 1031 1358 quae
1052 1308 1216 1358 undique
1237 1309 1518 1357 germinantd)‚
1551 1309 1691 1359 reliqua

117 1362 284 1401 animalia
309 1362 369 1400 sua
391 1362 526 1401 habent
544 1364 666 1401 ovaria
684 1361 718 1408 ε)
734 1392 744 1406 ,
776 1364 815 1400 in
835 1365 967 1414 quibus
996 1377 1066 1403 ova
1091 1365 1297 1404 formantur
1314 1395 1322 1402 .
1361 1377 1442 1416 quae
1470 1364 1528 1404 vel
1548 1366 1691 1414 integra

118 1418 367 1459 excluduntur
382 1448 393 1463 ,
425 1427 467 1458 ut
490 1421 528 1457 in
546 1421 705 1469 oviparis
725 1448 735 1463 ‚
768 1421 827 1457 vel
846 1422 939 1459 intra
954 1423 1077 1460 matris
1092 1429 1258 1460 ventrem
1274 1424 1488 1475 aperiuntur
1500 1451 1512 1467 ‚
1544 1424 1690 1461 vivum-

117 1488 190 1527 que
214 1476 332 1515 fetum
361 1477 555 1520 emittunt,
586 1484 630 1515 ut
654 1478 692 1515 in
720 1478 899 1527 viviparis.

230 1565 373 1616 Exigua
398 1567 491 1606 adeo
519 1568 568 1606 est
594 1569 748 1619 vivipari
768 1568 930 1608 animalis
957 1570 1002 1607 ab
1028 1570 1181 1619 oviparo
1209 1568 1391 1609 diversitas
1407 1599 1418 1615 ,
1450 1577 1493 1609 ut
1521 1569 1621 1609 idem
1643 1581 1688 1609 κ-

119 1622 206 1662 state
231 1625 336 1663 vivos
360 1625 483 1674 pullos
507 1627 645 1676 pariat,
672 1633 853 1664 autumno
873 1639 944 1666 ova
956 1623 1004 1676 f)
1036 1633 1160 1676 ponat.

913 1721 942 1761 F
975 1733 993 1769 3
1556 1723 1684 1770 Quare

162 1847 192 1884 e)
214 1847 329 1880 Globuli
346 1848 515 1880 albuminofi
536 1859 659 1881 ovorum
673 1848 776 1881 ssmiles
789 1850 819 1881 in
831 1851 901 1882 tuba
914 1850 1062 1887 cuniculi,
1087 1861 1151 1890 quae
1177 1851 1253 1882 forte
1276 1850 1443 1882 omnus
1459 1852 1583 1889 viderit,
1606 1851 1635 1882 se
1656 1852 1687 1882 in

119 1887 206 1920 sterili
234 1890 357 1921 animale
384 1890 517 1929 reperisse
548 1891 759 1922 HARTMANN.
789 1902 817 1921 n.
838 1904 882 1928 50.
920 1893 1069 1930 Ejusmodi
1099 1902 1185 1924 ovum
1214 1893 1262 1923 die
1289 1892 1370 1922 sexto
1401 1893 1432 1923 in
1454 1893 1588 1924 cuniculo
1614 1893 1688 1924 vidit

119 1928 396 1962 Lsszuwmfloxcx
414 1938 495 1962 anat.
513 1932 551 1969 ἓξ
572 1933 720 1971 contempl.
734 1935 776 1964 ΙΙ.
792 1943 820 1972 p.
840 1942 905 1970 ¹7¹-

161 1973 189 2007 0)
212 1971 360 2002 Munius
386 1974 532 2003 Commare
549 1982 577 2011 p.
594 1983 640 2009 90.
668 1980 755 2012 negat
776 1980 876 2004 contra
891 1974 1074 2005 Vmussxuu
1097 1973 1147 2006 illa
1164 1974 1340 2005 feminarum
1353 1984 1408 2005 ova
1421 1996 1429 2011 ,
1453 1974 1609 2006 coturnicis
1623 1974 1686 2005 ovis

121 2010 221 2042 similia
234 2034 243 2048 ‚
266 2022 333 2043 cum
352 2013 453 2043 eadem
468 2036 477 2050 ,
501 2023 563 2051 quae
582 2013 717 2044 Vmussr
729 2036 739 2051 ,
756 2015 894 2046 cadavera
908 2015 1060 2047 incidisset.

159 2051 198 2092 s)
219 2053 401 2084 DuvizRNaY
417 2053 453 2085 u.
473 2064 502 2093 p.
520 2063 585 2092 374.

162 2093 196 2131 ε)
217 2103 245 2130 p—
262 2102 309 2130 29·
328 2104 371 2130 30-
789 2126 797 2129 ,

163 2134 198 2170 b)
223 2132 399 2164 MALPmHl
415 2143 445 2173 p.
462 2143 509 2175 3²,
552 2134 736 2168 Vnusmuu
759 2134 868 2174 ubique
889 2146 914 2169 c.
932 2135 1039 2169 XVIII.
1056 2145 1087 2170 n.
1101 2145 1147 2175 ις.
1181 2135 1364 2167 momen.
1390 2134 1501 2178 advers
1512 2139 1567 2171 JV.
1591 2146 1618 2167 n.
1633 2142 1681 2175 28.

125 2183 156 2213 p.
170 2184 215 2209 5¹.
239 2174 426 2206 SANToiuN.

162 2215 195 2251 ι)
218 2225 246 2253 p.
260 2224 304 2253 29.

164 2256 198 2292 b)
220 2265 249 2294 p.
267 2265 302 2293 30

165 2295 193 2331 c)
215 2306 242 2334 p.
261 2305 307 2335 27.
324 2300 372 2330 28-

166 2337 200 2371 d)
224 2347 251 2375 p·
270 2347 294 2375 3·

169 2377 198 2412 ε)
219 2388 246 2416 p.
262 2389 289 2415 4.
303 2377 362 2416 sqq.

164 2413 198 2460 f)
217 2419 357 2450 Boxum
381 2428 460 2460 corpx
473 2418 614 2463 organzsts
625 2423 667 2455 11.
685 2430 714 2462 p.
728 2430 795 2462 129·
814 2420 836 2456 1.
851 2431 882 2463 p·
897 2430 963 2463 134·
