1955 2732
290 131 344 179 40
393 127 441 140 ‘⁸⁶'
482 130 597 174 ZIB.
632 131 782 175 XXX.
851 131 1006 176 VITA
1046 132 1324 175 HUMANA
1362 133 1435 175 ET
1481 132 1665 176 MORS.

342 225 491 277 Frigus,
525 230 563 267 δε
588 230 816 281 plantarum,
844 231 881 269 δι
900 230 1123 275 hominum,
1156 231 1328 270 staturam
1346 231 1544 269 imminuit.
1579 229 1763 280 Samojiidi
1791 228 1871 282 (e)

292 294 448 336 quatuor
477 288 633 338 pedibus
664 303 742 329 non
771 290 916 329 altiores
939 289 1007 328 esse
1032 290 1160 329 solent.

341 345 434 396 Equi
462 347 528 397 ipsi
548 350 585 387 in
609 349 830 399 frigidissima
859 351 1012 399 regione
1039 349 1264 388 Northwales
1297 347 1383 398 (f)
1426 349 1575 388 canibus
1609 360 1690 387 non
1718 350 1872 398 majores

281 402 390 442 sunt:
425 406 561 446 Scotici
583 410 711 453 etiam,
741 408 935 448 Oelandici
962 410 999 447 ἃ,
1024 409 1165 448 Suecici
1190 409 1275 459 equi
1301 409 1413 459 parvi.

339 462 459 503 Etiam
493 469 770 506 exuberationes
799 468 896 512 illae,
931 480 1012 518 quae
1037 470 1082 507 ab
1109 468 1311 507 humorum
1337 470 1444 518 copia
1477 469 1516 506 in
1545 466 1760 506 animalibus
1780 462 1876 516 'bro-

281 534 516 573 run1punt,a
532 526 706 565 similibus
728 526 839 566 causis
867 528 1102 567 retardantur.
1138 527 1182 566 In
1204 528 1383 578 Scythia
1369 532 1383 568 ί
1393 528 1448 575 g)
1467 528 1580 566 boves
1600 525 1673 564 fine
1689 527 1876 565 cornubus

286 581 353 619 effe
377 583 595 623 dicunturt·
591 586 816 635 Samojadis
830 587 974 626 feminis
994 587 1093 626 nulla
1115 588 1249 637 pubes,
1274 587 1434 625 maribus
1450 587 1557 625 barba
1569 586 1686 624 brevis
1711 587 1787 633 (h)
1815 584 1875 624 est.

341 641 549 683 Refistentia
567 659 619 684 au
616 647 667 685 sta
683 649 818 685 minuit
833 649 1116 685 incrementum.
1148 646 1233 685 Huc
1252 648 1396 685 labores
1419 647 1544 690 nimii,
1568 647 1630 696 qui
1647 645 1774 684 fibram
1791 653 1874 683 ante

283 708 429 751 tempus
460 705 652 749 indurant,
690 708 754 756 qui
778 706 843 757 ipsi
863 708 980 745 boum
1004 707 1041 744 &
1074 719 1257 756 equorum
1287 707 1425 744 staturae
1448 707 1538 744 mire
1580 711 1727 743 nocent.
1778 703 1877 743 Hine

283 761 474 802 notissimae
498 765 567 802 illae
588 766 794 804 ablutiones
821 767 1027 805 catulorum
1054 765 1362 808 Bononienfium‚
1393 777 1472 815 quae
1495 765 1588 804 fiunt
1611 765 1685 811 vini
1708 763 1844 814 spiritu.
1871 801 1887 818 ⁸

343 820 635 864 Decrementum
660 838 728 875 pro
755 828 985 864 incremento
1011 838 1132 872 rarum
1155 826 1214 864 est,
1252 825 1404 865 Tamen·
1415 837 1551 868 nanus,
1585 836 1670 863 cum
1692 824 1731 861 in
1755 823 1877 862 lucem

286 879 402 918 editus
432 883 580 931 pondus
611 884 784 924 habuisset
810 886 983 924 librarum
1015 896 1077 923 12.
1111 898 1184 923 unc
1209 884 1241 937 {-
1276 896 1373 923 anno
1397 886 1528 935 quinto
1559 884 1605 922 de
1641 878 1687 921 ἑο
1714 882 1878 933 pondere

284 951 364 978 uon
390 940 495 992 supra
525 955 561 988 9.
595 942 656 982 lib.
690 946 728 982 &
759 956 796 991 7.
825 947 948 984 uncias
977 945 1128 983 retinuit
1159 947 1256 994 (i).

452 1065 487 1108 ᾗ.
522 1060 673 1103 XVII.
743 1063 894 1103 Statura
920 1063 1088 1118 humana.
1132 1063 1209 1117 ,Qui
1225 1063 1486 1114 superaverint.
1535 1063 1714 1112 Gigantes.

346 1169 407 1209 Est
433 1173 471 1209 in
491 1175 664 1213 omnibus
684 1174 899 1215 animalibus
925 1187 1004 1214 non
1026 1175 1178 1226 quidem
1197 1177 1324 1218 anxia,
1360 1173 1458 1225 quasi
1489 1173 1534 1212 de
1559 1172 1716 1212 modulo
1739 1170 1882 1222 expres-

289 1230 323 1268 sa
340 1259 350 1273 ,
385 1232 551 1281 analogia
566 1262 574 1277 ,
611 1234 671 1272 sed
702 1241 826 1273 tamen
841 1264 850 1279 ,
885 1242 926 1273 ut
950 1247 1036 1274 cum
1059 1236 1224 1274 libertate
1250 1235 1367 1286 aliqua
1395 1233 1500 1272 suum
1519 1246 1634 1283 genus
1655 1240 1757 1281 regat
1776 1262 1785 1275 ,
1819 1232 1883 1269 lex

288 1290 438 1329 staturae.
468 1292 617 1343 Semper
641 1296 823 1334 maximus
847 1295 1126 1345 quadrupedum
1158 1295 1329 1345 elephas3
1374 1294 1532 1344 sequitur
1556 1292 1809 1335 Rhinoceros,
1844 1291 1882 1329 &

289 1347 593 1400 Hippopotamus
611 1382 621 1397 ‚
655 1361 745 1393 tunc
775 1355 933 1393 camelus
950 1384 959 1398 ‚
995 1354 1093 1394 Urus
1122 1355 1230 1394 istum
1253 1355 1413 1404 excipit,
1448 1363 1491 1392 ut
1513 1352 1792 1403 quadrupedum
1811 1352 1884 1388 ima

288 1409 392 1458 plebs
418 1412 456 1447 in
477 1423 581 1449 mure
603 1416 828 1451 terminetur.
863 1413 1022 1452 Homini
1050 1413 1231 1463 Europaeo
1248 1442 1257 1457 ,
1292 1414 1472 1452 moderati
1499 1413 1675 1454 climatis,
1709 1411 1797 1459 justa
1818 1410 1884 1448 sta-

288 1478 369 1508 tura
391 1471 485 1508 circa
516 1470 577 1508 sex
608 1472 718 1521 pedes
745 1473 920 1510 nostrates
954 1472 1022 1510 effe
1048 1472 1212 1516 videtur,
1247 1473 1311 1522 qui
1339 1471 1422 1510 sunt
1461 1471 1506 1508 ad
1531 1470 1705 1521 parisinos
1737 1477 1778 1509 ut
1817 1480 1880 1507 10.

289 1532 335 1569 ad
366 1541 428 1568 11.
467 1529 538 1573 Ea,
573 1538 634 1568 aut
660 1530 771 1579 paulo
794 1533 930 1579 major,
963 1532 1093 1569 statura
1120 1532 1190 1570 suit
1209 1532 1412 1580 priscorum
1441 1529 1734 1574 Germanorum
1766 1529 1816 1566 est
1847 1529 1886 1566 &c

289 1601 390 1629 nunc
415 1601 537 1628 earum
559 1591 748 1638 gentium,
772 1602 852 1639 qux:
881 1601 899 1627 a
921 1590 1012 1628 vitiu
1040 1589 1264 1633 sedentario',
1296 1589 1483 1628 sellulariis
1505 1590 1659 1632 artibus,
1695 1590 1731 1626 δε
1751 1599 1885 1638 corpus

290 1650 521 1689 curvantibus
539 1649 658 1687 liberae
688 1649 838 1688 demum
851 1661 1008 1687 venereo
1024 1662 1178 1692 veneno,
1200 1650 1236 1688 δε
1252 1648 1474 1692 scorbutico,
1500 1649 1537 1686 δι
1552 1647 1789 1698 scrophuloso
1806 1659 1886 1685 non

288 1710 371 1750 sunt
397 1709 554 1747 infestae:
571 1708 802 1747 Feminarum
824 1717 866 1748 ut
891 1710 1034 1747 brevius
1053 1710 1102 1747 est
1121 1711 1408 1752 incrementum,
1443 1711 1491 1747 ira
1515 1707 1885 1758 aliquot-pollicibus.

289 1770 386 1808 forte
413 1769 550 1811 tribus,
586 1768 762 1806 humilior
789 1769 917 1807 statura
951 1768 1023 1811 est,
1058 1781 1135 1807 non
1165 1769 1239 1808 fine
1267 1767 1420 1808 consilio
1438 1796 1449 1812 ,
1482 1774 1575 1818 puto
1592 1795 1603 1811 ,
1637 1776 1679 1806 ut
1703 1768 1794 1805 mari
1820 1777 1887 1817 per

290 1831 424 1868 virium
453 1829 728 1877 praerogativam
753 1828 914 1876 legitima
938 1828 1093 1876 potestas
1119 1828 1308 1867 adseratur.

352 1889 409 1927 Ab
443 1887 516 1925 hoc
549 1888 664 1925 limite
696 1888 888 1937 paululum
915 1887 1042 1937 aliquae
1073 1894 1201 1937 gentes
1227 1894 1448 1938 evagantur,
1477 1887 1692 1931 nonnullae‚
1726 1883 1888 1936 &potis-

291 1948 426 1987 fimum
452 1946 557 1996 sparsi
587 1947 696 1996 aliqui
730 1947 900 1985 mortales
935 1948 1042 1984 etiam
1070 1947 1230 1996 longius.

351 2008 471 2046 Nobis
502 2006 676 2044 Helvetiis
712 2007 874 2056 planitiei
901 2008 1070 2057 urbisque
1099 2008 1498 2057 incole-proceriores,
1533 2005 1745 2045 monticolae
1768 2005 1887 2044 humi-

293 2069 377 2107 iiori
396 2067 478 2105 sunt
505 2066 644 2105 statura.
680 2065 808 2105 Pdffim
830 2075 953 2107 autem
979 2078 1072 2108 unus
1097 2067 1258 2119 alterque
1282 2067 1399 2107 homo
1425 2066 1579 2117 emergit
1603 2066 1650 2104 de
1677 2066 1813 2115 vulgo,
1849 2065 1887 2101 δε

1779 2124 1885 2175 septi<

335 2234 401 2270 (e)
423 2232 517 2265 Me'm.
534 2230 589 2272 sur
609 2235 643 2263 let
664 2232 817 2271 Ξιιυηοχὶίί,
849 2245 874 2273 p.
904 2241 951 2276 38

335 2273 483 2310 (f)sz
471 2284 548 2305 ιιοιι.
581 2273 616 2305 T.
643 2273 677 2302 Ι
691 2273 710 2303 l
746 2285 770 2312 p.
801 2285 870 2314 ¹7¹

337 2317 409 2353 (g)
432 2326 485 2352 περ
505 2325 627 2354 cerff-1⁹1)
648 2314 755 2346 XLIV

337 2356 401 2391 (b)
430 2356 529 2386 Mem]
614 2356 729 2393 lep.

337 2398 405 2433 (i)
428 2396 495 2435 Hui.
524 2397 558 2426 de
573 2370 696 2432 sne'Acai
721 2407 789 2431 ann.
820 2402 905 2438 1746.
932 2408 961 2431 n.
983 2404 1011 2436 3
