1955 2732
305 113 391 155 '116
783 115 879 155 LIB.
911 116 1058 155 XXIX.
1120 116 1148 156 F
1177 116 1206 156 E
1237 117 1271 156 T
1299 117 1336 157 U
1365 117 1400 158 S.

307 222 363 262 Ita
383 234 428 260 ex
457 222 626 261 cellulosa
644 225 796 262 materie
813 224 923 275 spinae
944 224 1075 263 dorsali
1098 225 1312 264 circumfusa
1328 232 1426 264 artus
1449 225 1624 274 generari.
1677 226 1737 265 Sic
1762 229 1872 266 etiam

308 281 348 316 in
369 279 496 318 adulto
522 280 676 318 homine
691 310 702 323 ,
736 281 814 319 vasa
831 284 981 319 minima
997 283 1042 327 x)
1054 310 1063 325 ‚
1097 283 1132 318 &
1148 281 1241 320 finus
1257 283 1419 324 cerebri,
1443 283 1480 319 δι
1498 284 1643 320 arterias
1660 285 1873 333 meningeas

310 348 439 374 omnes
459 335 528 374 effe
554 336 785 386 exsculptos,
815 338 947 388 absque
973 340 1131 388 propriis
1152 339 1374 377 membranis
1398 367 1409 382 ,
1445 346 1594 377 meatus

422 417 536 456 Nunc
561 418 711 467 quidem
738 419 874 458 horum
901 419 1016 458 multa
1042 419 1144 463 vidi,
1178 421 1215 458 &
1240 433 1286 458 ex
1313 421 1509 470 congelato
1533 421 1690 459 humore
1717 433 1799 466 cor,
1836 422 1872 460 &

310 481 434 512 totum
461 475 594 512 animal
618 475 809 514 consistere
834 476 948 514 videri
976 484 1118 515 certum
1152 477 1210 514 est.

421 555 565 594 Verum
588 569 666 594 non
689 557 773 595 ideo
795 560 1013 608 primaevum
1038 558 1128 597 illud
1149 558 1301 607 gluten,
1334 558 1437 608 quod
1458 560 1496 596 in
1519 557 1651 596 animal
1679 556 1867 607 figuratur,

306 610 333 648 fi
362 612 535 651 fabricam
564 622 758 664 partesque
783 617 945 653 minores
971 615 1102 653 habere
1129 628 1208 653 non
1231 615 1374 655 videtur
1394 645 1403 659 ,
1435 617 1615 653 continuo
1643 627 1721 652 non
1747 615 1866 653 habet.

307 668 409 718 Saepe
436 669 474 706 id
508 670 594 718 gelu
618 670 697 708 solo
729 671 856 721 spiritu
880 674 956 710 vini
984 671 1223 715 confirmavi,
1257 680 1299 710 ut
1321 672 1417 710 fibrae
1444 683 1545 710 nunc
1561 699 1573 715 ,
1619 672 1655 709 &
1688 671 1766 709 vasa
1790 700 1801 714 ,
1834 673 1872 709 δι

307 725 441 763 viscera
468 725 694 777 effe11t‚quae
730 741 874 767 merum
905 729 992 778 gelu
1023 729 1247 767 videbantur.
1308 728 1399 767 Non
1433 728 1535 778 quod
1563 729 1616 765 vis
1640 729 1677 765 in
1704 727 1873 767 alcohole

308 781 496 820 effentiaiis
522 784 721 822 informem
745 787 932 823 materiam
960 788 997 823 in
1024 787 1236 834 organicam
1257 785 1430 824 fabricam
1447 786 1624 822 struxerit.
1659 784 1775 822 Unice
1789 785 1872 822 sub-

306 838 374 875 lata
389 839 636 888 pelluciditate
650 870 659 884 ,
687 842 839 891 paulum
857 842 1080 880 confirmatis
1095 842 1228 879 finibus
1243 871 1252 884 ,
1285 841 1437 880 definito
1464 843 1551 879 hinc
1572 842 1688 879 limite
1714 841 1868 884 visceris,

306 894 389 933 inde
413 898 592 945 proxima:
614 898 792 936 cellulosae
814 899 892 936 telae
906 928 915 942 ,
949 899 1080 937 fabrica
1102 899 1269 948 adparuit
1291 927 1301 942 ,
1330 911 1440 949 quam
1464 897 1691 948 pelluciditas
1714 898 1868 941 velabat,

306 955 342 988 ἅ
367 952 539 990 moliities
559 966 637 991 non
660 954 796 994 sinebat
813 956 918 993 lineis
944 956 1203 998 circumscribi,

417 1035 462 1072 Et
488 1035 564 1073 vasa
587 1035 680 1079 effe,
709 1050 789 1087 quae
823 1045 931 1075 vocat
962 1045 1099 1074 meatus
1126 1039 1179 1073 vir
1203 1036 1257 1075 CI.
1282 1043 1399 1073 certus
1433 1035 1521 1074 sum.
1581 1033 1695 1082 pulpa
1726 1034 1868 1072 acinosa

304 1095 524 1130 membranae
550 1093 662 1130 vitelii
675 1105 718 1140 y.
749 1093 903 1142 figuram
929 1093 1100 1131 venosam
1124 1105 1202 1130 non
1222 1092 1410 1130 evolutam
1425 1092 1556 1133 habet,
1589 1103 1668 1141 quae
1691 1090 1866 1140 paulatim

304 1149 465 1187 evolutis
494 1149 622 1198 plicis,
656 1151 732 1187 abit
762 1152 801 1187 in
835 1152 1087 1188 membranam
1124 1149 1380 1201 explanatam,
1412 1149 1451 1185 in
1477 1161 1548 1200 qua
1576 1160 1677 1185 nunc
1712 1149 1869 1197 parietes

303 1206 474 1244 vasorum
495 1206 687 1244 manifesto
710 1207 895 1257 adparent.

416 1288 508 1326 Non
538 1288 709 1326 confusos
735 1288 804 1326 effe
830 1296 995 1331 meatus,
1031 1287 1091 1325 sed
1119 1286 1411 1335 circumscriptos
1440 1283 1614 1333 adparet,
1650 1284 1752 1333 quod
1785 1284 1868 1322 nus-

303 1357 415 1395 quam
439 1347 478 1382 in
499 1344 621 1383 nodos
642 1345 906 1389 intumescant,
936 1344 1085 1395 quando
1112 1344 1254 1392 sanguis
1285 1345 1323 1380 in
1351 1341 1563 1379 moribundi
1593 1341 1755 1378 animalis
1782 1340 1870 1379 vasis

301 1402 490 1450 restagnat.
553 1402 767 1440 Adtraheret
799 1410 897 1441 certe
929 1402 965 1440 se
996 1404 1035 1439 in
1065 1400 1306 1439 subrotundas
1335 1397 1523 1448 guttum,
1555 1397 1621 1435 nisi
1646 1399 1869 1436 membranis

303 1460 564 1496 contineretur.

415 1539 515 1590 Saepe
543 1540 618 1577 vidi
644 1540 721 1578 vasa
750 1540 857 1579 rubra
884 1539 972 1578 colli
996 1540 1034 1577 &
1062 1546 1206 1576 artuum
1228 1539 1429 1586 interrupta
1460 1534 1557 1585 quafi
1580 1535 1763 1584 sanguinis
1781 1543 1867 1584 gut-

301 1604 353 1633 tas
377 1597 520 1634 referre.
581 1596 672 1634 Non
689 1597 774 1635 ideo
800 1610 878 1634 non
906 1604 1006 1634 erant
1033 1596 1188 1645 perfetta
1211 1595 1287 1632 vasa
1303 1623 1314 1638 ,
1344 1601 1387 1632 ut
1412 1605 1456 1630 ex
1473 1593 1545 1642 ipsa
1566 1592 1779 1630 rectitudine
1800 1605 1866 1630 co-

301 1653 521 1702 gnosceres,
554 1656 592 1690 in
629 1667 739 1703 quam
772 1666 820 1691 eae
855 1661 968 1702 guttae
1006 1653 1299 1702 disponebantur.
1359 1649 1421 1687 De
1453 1661 1622 1687 ranarum
1657 1647 1743 1686 vafis
1773 1650 1864 1686 mihi

301 1710 460 1753 constat,
500 1711 535 1747 &
574 1710 651 1747 vasa
674 1739 684 1754 ,
725 1712 761 1748 Sc
788 1722 918 1748 eorum
947 1709 1081 1747 limites
1099 1737 1109 1752 ‚
1154 1710 1190 1746 δε
1219 1706 1473 1745 circumfusam
1501 1707 1732 1743 tenerrimam
1754 1706 1865 1743 celln-

300 1766 414 1803 losam
437 1766 546 1804 telam
570 1779 630 1804 me
656 1766 876 1804 distinxisse:
909 1767 973 1816 qui
998 1767 1107 1803 toties
1135 1778 1174 1802 ea
1202 1764 1302 1807 vasa,
1319 1763 1428 1812 paulo
1453 1761 1604 1812 quidem
1622 1764 1758 1811 majora
1775 1763 1866 1800 inci-

302 1823 417 1860 derim
434 1852 444 1866 ,
479 1824 514 1860 &
547 1835 677 1860 eorum
704 1824 851 1861 vulnera
872 1852 883 1866 ,
917 1824 954 1860 Sc
981 1824 1088 1860 rimas
1121 1823 1157 1859 δε
1182 1820 1428 1870 aneurysrnata
1454 1819 1618 1857 viderim.

415 1904 490 1942 Cor
518 1905 660 1943 nulium
687 1905 787 1943 fuiffe
808 1904 1005 1954 aliquando
1030 1903 1154 1953 paffim
1184 1904 1239 1940 vir
1260 1902 1314 1940 Cl.
1338 1902 1493 1950 repetit,
1521 1907 1603 1937 ante
1620 1899 1749 1937 horam
1766 1906 1863 1938 certe

302 1972 363 2006 24.
392 1957 452 2009 z),
467 1962 501 1997 Sc
522 1970 603 1998 ante
625 1975 702 1999 eam
722 1963 817 2000 fetus
838 1961 1152 2010 magnitudinem,
1186 1971 1264 2009 quae
1292 1961 1329 1996 in
1350 1958 1408 2006 fig.
1436 1969 1467 2003 5.
1491 1957 1708 2005 exprimitur
1729 1955 1775 1999 n).
1803 1955 1866 1993 De

301 2029 345 2054 eo
369 2029 453 2054 vero
474 2017 719 2066 phaenomeno
737 2019 971 2056 vehementer
991 2018 1133 2055 dubito.
1166 2017 1241 2054 Cor
1261 2015 1351 2053 hora
1374 2026 1434 2058 29.
1459 2013 1549 2050 vidit
1568 2014 1621 2049 vir
1647 2013 1701 2050 cl.
1723 2012 1772 2055 h),
1793 2024 1865 2060 ego

299 2073 390 2111 hora
404 2081 455 2119 48
475 2083 509 2118 c)
526 2075 598 2122 jam
615 2075 825 2118 formatum,
841 2076 875 2112 δε
892 2074 1100 2125 perfectum.
1135 2075 1169 2110 bi
1191 2074 1288 2121 prius
1301 2071 1541 2120 conspicuum
1563 2082 1639 2106 non
1660 2070 1739 2112 init,
1759 2068 1865 2117 quiri-

298 2132 338 2167 ni
352 2132 526 2179 parvitas,
557 2131 783 2181 pelluciditas
798 2161 809 2176 ‚
828 2132 931 2170 albor
949 2159 961 2174 2
995 2129 1201 2169 &mucosae
1235 2127 1412 2167 cenuiosae
1435 2127 1578 2164 fabricae
1602 2124 1800 2204 similitudo
1827 2125 1864 2162 id

1668 2189 1861 2224 vexaverit,

341 2239 375 2275 x)
399 2249 425 2276 p.
443 2248 507 2268 ιιι.

336 2282 372 2318 yx
396 2283 489 2309 form.
508 2281 549 2308 clu
561 2281 656 2317 ,malet
665 2283 704 2311 II.
723 2291 750 2319 p.
769 2290 833 2320 173.
850 2289 914 2319 177.

340 2326 371 2350 z)
395 2321 488 2349 Germ.
518 2329 547 2357 p.
571 2326 706 2358 168.265.

341 2364 373 2389 a)
396 2370 422 2397 p.
444 2371 490 2397 9¹·

342 2402 374 2435 11)
398 2402 492 2429 Germ.
508 2411 535 2438 p.
551 2405 617 2431 266.

341 2445 370 2478 r)
393 2441 429 2472 n.
445 2451 473 2479 p.
488 2445 535 2478 ⁶4-
