1955 2732
324 132 400 167 ¹34
796 118 891 163 LIB.
925 117 1072 157 XXIX.
1134 118 1161 157 F
1192 118 1220 157 E
1250 118 1284 156 T
1316 117 1350 156 U
1380 117 1413 157 S.

314 227 401 270 lem,
417 226 455 264 &
467 232 577 276 caput
589 225 767 275 ejusmodi
784 223 843 275 u);
863 228 1002 268 cristam
1018 227 1103 276 galli
1117 227 1154 263 in
1169 225 1327 265 auricula
1344 227 1402 272 x);
1420 238 1584 265 araneam
1590 228 1644 274 y),
1662 238 1807 266 erucam
1823 223 1879 271 ὠ.

319 285 435 323 carnis
460 284 615 322 frustum
648 285 687 321 in
722 284 868 322 maxilla
883 283 920 328 a)
953 312 962 327 ,
1002 296 1127 321 ranam
1150 282 1190 327 b)
1215 313 1224 327 ,
1261 284 1439 321 bufonem
1456 288 1491 333 c)
1514 312 1524 327 ,
1557 287 1689 333 viperae
1720 284 1817 334 signa
1845 287 1885 322 in

318 340 419 380 collo
439 338 490 392 e).

434 421 481 461 Et
506 435 552 461 ne
572 422 661 472 quid
684 421 773 459 defit
795 421 1061 471 pulchritudini
1084 421 1238 460 historiae
1254 450 1262 463 ‚
1287 422 1431 460 additur
1446 451 1455 464 ,
1481 434 1521 460 ea
1536 422 1633 470 fraga
1646 450 1654 464 ,
1669 423 1796 461 rubive
1811 422 1886 461 fru-

321 481 408 522 stus,
425 479 557 517 eodem
585 487 753 573 tempgre
776 480 814 515 in
840 491 932 527 gena
956 478 1085 516 florere
1105 507 1115 522 ‚
1149 491 1224 528 quo
1252 481 1288 515 in
1314 479 1417 528 sylvis
1440 479 1597 522 florent,
1632 480 1669 516 &
1687 492 1760 518 una
1776 481 1886 517 etiam

322 537 479 579 collabi,
517 537 554 572 ὃς
587 535 675 573 flacc
712 548 792 573 cere
813 563 824 577 ‚
857 535 1098 586 coloremque
1125 536 1310 585 deponere
1328 534 1386 584 f).

433 617 581 655 Horum
606 616 794 666 signorum
815 616 939 666 paffim
972 618 1091 668 aliqua
1118 618 1211 660 vidi,
1249 619 1284 654 δι
1316 619 1353 655 in
1376 624 1542 655 matrona
1573 617 1716 666 patritia
1742 616 1886 666 fignum

320 674 469 713 aviculae
495 675 533 711 in
557 674 646 711 facie
676 673 887 723 impressum
907 702 917 716 ‚
950 675 1051 724 quod
1077 675 1220 722 ajebant
1242 674 1564 712 manifestissimum
1586 673 1663 711 effe.
1698 673 1776 722 Ego
1796 685 1888 722 prae-

321 739 376 770 ter
401 730 612 769 difformem
638 730 818 773 livorem,
852 730 943 768 nihil
967 732 1064 769 vidi:
1093 731 1151 768 sed
1175 743 1294 781 neque
1321 733 1358 768 in
1384 732 1461 768 rosa
1483 731 1683 780 quidquam
1708 730 1787 767 serii
1803 730 1885 773 fuit,

323 800 404 838 quae
430 789 468 825 in
497 788 642 837 pectore
669 789 820 836 virginis
847 786 914 828 effe
932 816 941 831 ‚
976 789 1013 826 &
1047 801 1134 826 cum
1155 789 1423 837 congeneribus
1460 787 1591 825 florere
1625 787 1812 824 dicebatur
1827 786 1884 834 g).

323 844 427 883 Mori
459 845 602 893 {ignum
633 846 697 894 qui
721 844 980 888 confirmabat,
1014 858 1091 883 non
1121 857 1231 882 unam
1263 844 1399 887 filiam,
1443 844 1502 882 sed
1533 844 1729 889 duodecim
1761 843 1886 880 fratres

323 913 432 939 moro
463 902 501 938 in
532 901 679 950 peftore
710 900 809 939 fuiss'c
840 909 986 939 notatos
1013 902 1103 940 serio
1129 902 1290 938 narrabat
1306 901 1368 945 h):
1401 901 1597 938 duodecies
1623 913 1708 937 vero
1731 907 1885 936 matrem

323 971 344 997 a
373 970 481 995 moro
524 957 648 1007 illapso
691 959 876 1000 territam,
922 966 984 996 aut
1019 972 1038 997 a
1075 957 1273 995 defijerato
1308 970 1441 1006 aegram
1478 956 1578 995 fuisse
1608 985 1617 999 ‚
1651 958 1796 1006 penitus
1839 956 1889 993 est

324 1013 547 1053 incredibile.
609 1013 710 1063 Saepe
740 1014 897 1064 denique
915 1015 1168 1052 difforniitates
1189 1014 1389 1061 ejusmodi,
1427 1015 1463 1051 δι
1490 1015 1583 1051 acini
1612 1025 1689 1050 uvae
1706 1041 1715 1055 ‚
1749 1020 1810 1049 aut
1830 1025 1889 1050 ce-

324 1072 389 1109 rasi
416 1072 592 1120 imagines
611 1099 622 1114 ,
662 1071 795 1120 absque
826 1071 903 1108 ullo
930 1071 1106 1109 desiderio
1130 1069 1259 1113 fuisse,
1290 1079 1353 1109 aut
1383 1077 1546 1113 terrore,
1578 1069 1839 1107 BLONDELLUS
1858 1068 1888 1112 i)

324 1129 482 1167 monuit.

778 1238 812 1280 ἓ.
845 1233 994 1273 XXIII.
1057 1233 1243 1272 Graviora
1271 1218 1448 1281 Exempla.

441 1325 563 1374 Magis
591 1326 672 1362 miri
691 1324 771 1363 sunt
790 1328 882 1365 naevi
901 1356 911 1370 ,
945 1328 983 1364 in
1002 1326 1134 1376 quibus
1156 1337 1237 1375 pars
1257 1324 1375 1374 aliqua
1401 1335 1447 1361 ex
1479 1330 1618 1362 terrore
1651 1329 1714 1361 aut
1738 1327 1889 1364 creatur,

330 1384 368 1420 &
391 1382 534 1420 additur
563 1385 712 1432 corpori
732 1383 826 1422 fetus
847 1414 858 1428 ,
889 1391 951 1422 aut
970 1385 1008 1421 in
1032 1382 1307 1420 similitudinem
1322 1380 1486 1418 animalis
1502 1410 1514 1426 ,
1548 1381 1739 1419 alteriusve
1757 1390 1892 1428 corpo-

329 1441 378 1477 ris
408 1440 641 1478 deformatur.

446 1521 656 1559 Farciuiiuis
681 1521 802 1559 similis
828 1534 891 1571 pes
915 1520 980 1566 a),
1017 1521 1054 1559 &
1085 1521 1130 1559 de
1160 1520 1258 1558 labio
1293 1518 1457 1569 pendens
1494 1519 1667 1556 farcimen
1689 1517 1745 1561 h),
1776 1518 1812 1554 &
1837 1528 1896 1555 ca-

331 1579 482 1616 runcula
520 1578 564 1614 de
589 1580 710 1616 fronte
738 1579 916 1627 pendula,
948 1578 1081 1628 absque
1106 1578 1190 1615 naso
1203 1576 1237 1622 c)
1268 1576 1342 1614 huc
1364 1578 1546 1627 pertinet:
1587 1578 1620 1613 81
1646 1584 1770 1613 tumor
1787 1585 1896 1611 enor-

333 1638 402 1672 mis
428 1636 516 1673 liem‘
540 1636 661 1673 iimilis
689 1636 891 1674 vasculosus
917 1635 966 1680 cl).
1026 1634 1151 1673 Moles
1178 1645 1306 1672 carnea
1336 1634 1375 1670 in
1404 1632 1513 1670 dorso
1529 1660 1543 1677 ‚
1573 1632 1682 1682 plena
1703 1631 1895 1668 filamentis

1721 1699 1863 1725 nervers
1883 1699 1895 1733 ;

376 1770 411 1800 m
434 1769 585 1800 PURMAN.
601 1773 823 1802 Lorlrerskranz.
840 1781 867 1809 p>
884 1779 950 1808 337.

375 1816 411 1845 x)
435 1812 605 1840 Biramxic.
624 1815 733 1842 advers.
752 1822 779 1842 n.
793 1823 819 1849 9.
855 1811 886 1842 C.
902 1811 1049 1842 BAuffln.
1064 1810 1261 1849 hermaphrod.
1279 1819 1308 1848 p.
1327 1818 1393 1845 ης).

371 1856 409 1890 y)
433 1852 604 1882 sslERLING.
623 1855 655 1882 in
670 1854 767 1882 vulva.

376 1900 407 1922 zi
430 1894 582 1922 &viarm
608 1892 625 1923 l.
644 1905 667 1923 c.

377 1933 411 1967 a]
437 1933 591 1963 Mux'nm.
607 1937 748 1964 additam.
761 1944 788 1971 p.
807 1936 870 1964 126.

378 1974 412 2008 h]
434 1974 570 2003 'simmaa
587 1974 695 2014 defens}
707 1974 741 2013 of
753 1977 799 2005 the
812 1976 930 2013 inuigin.

379 2014 410 2048 c]
440 2014 570 2052 Plyfflm'.
587 2018 765 2046 nterkwurd.
782 2026 810 2054 p.
827 2025 890 2051 142.

380 2055 408 2089 e]
439 2057 522 2085 Eresl.
539 2058 625 2086 Δδίιηιῖ.
649 2066 732 2093 1747.

373 2094 413 2134 s]
435 2096 588 2126 'saccom
606 2099 639 2126 de
655 2099 734 2127 bern.
760 2097 907 2128 Hmwm.
920 2095 1030 2136 obfi35.
1055 2097 1172 2130 SAcus.
1186 2099 1353 2137 gammarol.
1368 2106 1386 2135 p
1400 2105 1467 2139 2¹14.
1493 2096 1635 2127 Scuoox.
1650 2103 1679 2132 p.
1696 2103 1740 2130 14.
1762 2093 1898 2123 SERV¹U⁸

339 2143 477 2175 unguent.
492 2148 566 2167 arm.
585 2149 612 2175 p.
626 2149 642 2174 9
652 2149 672 2167 ι.

376 2178 410 2216 g]
437 2179 572 2208 timaee.
594 2190 640 2208 om
661 2179 764 2218 l‘ostrets
772 2178 953 2217 stukdomar.
969 2189 998 2218 p·
1013 2184 1055 2214 18.

379 2218 415 2252 h]
438 2218 580 2250 Kauana.
599 2222 672 2250 diaet.
695 2230 719 2258 p.
739 2230 808 2258 439.

379 2258 407 2293 a]
431 2269 458 2296 p.
478 2269 523 2295 23.

381 2300 415 2334 α]
439 2300 538 2331 Ram.
559 2303 695 2339 degener.
715 2311 742 2337 Γ.
759 2310 827 2337 229.

381 2339 415 2374 b]
439 2342 561 2370 (ianm.
589 2342 703 2381 monstr.
722 2344 826 2380 [ricorp.

381 2380 412 2414 c]
436 2380 488 2410 in
503 2381 672 2421 rscuffi‘ltjl
685 2384 791 2412 handel
806 2383 831 2413 T
852 2383 899 2414 ΙΠ.
918 2395 945 2422 p.
963 2388 1029 2421 ¹96.

382 2421 418 2457 d]
440 2422 505 2452 Aa.
520 2426 598 2453 erud.
610 2422 685 2463 Lips
701 2433 768 2454 ann.
786 2428 869 2463 ³⁶83-
884 2435 912 2464 p.
930 2434 998 2455 220.
