1955 2732
265 121 959 168 ’ΒΕΠΊΪῘἎΞΤΑΤῙῘΒ
1019 117 1436 166 HOMINIS.
1585 132 1637 172 63

53 221 224 261 scrobem
248 252 258 266 ‚
295 224 333 261 &
356 223 518 274 undique
547 235 632 262 cum
652 223 845 260 'elemento
870 228 990 260 terreo
1019 219 1105 259 vasis
1123 248 1132 264 ,
1167 221 1244 269 ejus
1270 219 1405 259 scrobis
1436 219 1645 261 infundibu-

60 282 138 321 lum
163 280 341 321 efficiente
369 284 548 326 cohaeret,
582 284 665 332 quia
695 282 919 332 glutinosum
942 281 1001 319 est.
1053 280 1170 326 Quod
1191 281 1347 319 nimium
1372 279 1446 322 est,
1480 281 1517 318 id
1534 283 1570 318 in
1586 293 1646 320 va-

59 340 103 380 fis
141 354 319 392 magnum
360 344 490 381 tubum
541 342 776 392 propendet,
812 342 848 379 δι
885 342 1005 380 motui
1038 338 1309 389 globulorum,
1344 341 1408 389 qui
1445 339 1645 378 secundum

60 402 143 438 axin
166 401 304 446 fluunt,
340 394 558 452 exponitur,
588 403 816 451 nimiumque
850 413 962 439 omne
991 399 1180 441 avellitur,
1216 398 1338 448 quoad
1363 398 1454 436 nihil
1489 401 1646 437 emineat

62 465 113 505 (e
150 492 157 499 .
193 463 228 499 Si
251 463 358 499 nimis
395 474 524 510 parum
557 461 688 503 subiit,
724 460 894 503 accedet,
929 468 1106 509 quantum
1135 456 1309 501 sufficiat,
1343 470 1390 495 ne
1421 458 1510 508 quid
1537 459 1645 496 inane

59 520 217 570 supersit.
252 520 486 570 Adprimetur
510 529 630 558 autem
657 532 720 569 per
745 527 890 557 motum
923 519 1106 556 lateralem
1126 518 1307 566 sanguinis
1325 529 1390 567 per
1413 518 1544 555 tubum
1571 529 1646 556 ma-

58 591 175 628 gnum
202 578 345 617 fluentis
357 608 365 622 ,
388 592 451 628 per
468 582 542 617 vim
559 579 800 628 respirationis
816 607 825 621 ,
855 590 920 627 per
937 577 1138 618 musculos,
1173 589 1236 625 per
1260 576 1343 614 alias
1358 576 1475 614 causas
1489 605 1498 619 .
1526 588 1606 626 quae
1625 590 1646 616 a

57 637 157 676 nulla
179 641 344 687 corporis
374 639 534 677 animalis
559 638 732 687 particula
758 638 870 687 longe
902 637 1038 675 absunt.
1073 636 1126 674 Ita
1152 636 1332 684 glutinosa
1354 635 1527 685 particula
1542 648 1645 686 repa-

57 704 179 735 ratur:
207 700 273 735 erit
298 707 419 736 autem
436 698 586 735 mollior
610 699 752 746 primo,
777 710 821 735 ef<
846 698 1055 734 cicatricum
1076 695 1260 743 analogia,
1286 695 1416 733 deinde
1434 695 1579 738 durior,
1601 704 1645 734 ut

57 756 137 794 calli
157 757 262 799 fiant,
292 769 399 807 quam
421 756 492 794 offa
510 757 673 795 duriores
687 785 696 799 ‚
735 757 770 794 δε
789 758 970 794 cicatrices
992 755 1168 792 firmiores
1181 782 1191 796 ,
1227 766 1335 804 quam
1355 756 1517 803 primaera
1535 758 1638 793 cutis.

118 816 229 853 Nunc
255 813 450 854 dicendum
486 817 535 854 est
566 824 608 854 ut
640 824 762 854 terreae
786 815 969 865 particulae
991 822 1200 863 reparentur
1218 842 1227 856 ‚
1262 827 1347 851 nam
1376 815 1412 850 &
1443 815 1521 851 istas
1554 814 1644 852 solvi

58 874 217 912 diximus
237 903 247 917 ‚
283 876 318 912 δί
343 878 379 912 in
408 876 618 924 sanguinem
645 877 770 913 redire.
838 875 1029 924 Supplebit
1052 886 1107 911 eas
1134 873 1282 921 gluten,
1307 881 1347 911 ut
1372 872 1462 910 solet
1483 875 1520 910 in
1543 873 1640 916 fetu,

59 935 96 971 &
117 933 241 971 senfim
264 934 412 972 deinum
437 936 550 974 multa
573 934 701 984 preffio
728 949 747 973 a
769 926 1026 983 sanguine-per
1044 934 1209 971 arteriam
1229 931 1382 974 fluente,
1411 932 1521 970 aliave
1542 933 1644 971 causa

55 1000 137 1031 nata
163 993 308 1043 expulsa
328 1007 438 1044 aqua,
467 995 512 1032 de
536 995 676 1043 glutine
695 994 806 1031 solam
825 1001 957 1032 terram
981 993 1164 1042 relinquit.
1202 990 1318 1029 Etiam
1341 991 1503 1029 celeriter
1523 1000 1642 1040 partes

57 1052 266 1090 animalium
291 1045 341 1090 ex‘
357 1054 502 1101 glutino
519 1061 616 1090 natas
634 1054 818 1091 durescere
833 1081 842 1095 ,
865 1065 1003 1090 cornua
1025 1051 1186 1090 scarabaei
1208 1050 1423 1093 ostendunt,
1444 1062 1523 1100 quae
1550 1053 1642 1089 intra

60 1111 221 1149 triduum
251 1111 337 1149 fiant
361 1112 539 1150 durissima
571 1112 665 1160 (f).
689 1150 691 1152 ,

116 1171 220 1216 Qiin
250 1183 338 1208 vero
370 1183 416 1208 ex
446 1171 549 1208 simili
577 1171 719 1220 glutine
742 1173 778 1209 &
797 1179 955 1210 terreum
979 1171 1224 1212 elementum,
1261 1170 1298 1207 ὃς
1317 1169 1559 1218 gelatinosum
1585 1182 1640 1208 re-

52 1237 220 1278 paretur,
253 1241 331 1267 non
354 1231 464 1268 credo
500 1232 621 1268 evitari
654 1229 780 1280 poffe3
813 1232 969 1282 indeque
989 1232 1123 1280 petitur
1154 1228 1221 1266 alia
1254 1231 1374 1272 ratio,
1409 1242 1473 1268 cur
1506 1242 1640 1279 puero-

51 1300 135 1326 rum
166 1289 203 1326 &
237 1290 408 1333 iuvenum
445 1302 602 1340 corpora
639 1291 702 1328 diu
733 1291 916 1329 extenfilia
953 1298 1148 1334 maneant3
1180 1287 1241 1325 sed
1278 1288 1456 1331 demum,
1491 1290 1641 1338 quando

51 1360 152 1386 nunc
176 1347 305 1396 gluten
330 1348 447 1398 ipsum
462 1350 617 1398 plurima
642 1356 734 1387 terra
761 1350 918 1388 abundat
933 1379 943 1393 ,
974 1352 1012 1387 in
1034 1350 1175 1387 senibus
1198 1350 1321 1385 omnia
1339 1348 1524 1397 rigescant.
1560 1349 1642 1387 No-

51 1414 131 1445 tum
156 1407 230 1450 est,
265 1419 374 1457 quam
399 1408 502 1446 facile
522 1409 702 1447 infantum
720 1410 823 1447 fracta
853 1409 923 1447 offa
945 1409 1146 1447 coalescant
1165 1408 1218 1454 (†
1243 1407 1281 1452 )‚
1317 1420 1425 1457 quam
1446 1407 1641 1445 difficulter

50 1465 186 1505 senum.
250 1466 294 1510 In
317 1467 409 1505 callo
435 1480 637 1517 puerorum
657 1469 784 1517 gluten
809 1469 1018 1508 adhaesionis
1050 1468 1226 1516 rupidum
1259 1466 1470 1505 dominatur
1489 1473 1519 1510 ‚'
1535 1469 1573 1505 in
1589 1467 1640 1505 se-

51 1536 142 1563 num
162 1525 334 1574 sanguine
355 1536 447 1563 terra
473 1528 621 1564 calcaria
651 1528 792 1576 aspera,
829 1530 866 1564 δε
894 1527 1049 1564 difficilis
1075 1527 1124 1563 est
1141 1526 1265 1574 ligatu.

110 1583 232 1621 Altera
263 1585 354 1622 ratio
380 1586 430 1622 est
457 1587 668 1623 nutrition1s
689 1594 855 1624 externae.
920 1585 970 1624 Ea
997 1585 1037 1622 fit
1053 1597 1118 1634 per
1137 1583 1348 1622 cellulosam
1378 1584 1508 1628 telam,
1543 1586 1637 1634 ejus-

51 1655 123 1693 que
148 1643 360 1692 exemplum
389 1646 427 1681 in
447 1646 540 1682 ranis
571 1644 655 1682 vidi.

108 1702 174 1740 Per
191 1702 359 1741 cenulosa
374 1702 523 1752 spatiola
538 1703 672 1742 humor
687 1703 904 1746 halituosus,
928 1704 973 1742 de
988 1703 1153 1752 gelatinae
1170 1704 1248 1750 (g)
1269 1709 1390 1739 tamen
1408 1702 1511 1740 classe
1525 1731 1534 1746 ,
1557 1716 1639 1742 rno-

49 1768 174 1804 vetur,
191 1762 297 1804 lente,
321 1774 384 1810 per
400 1762 615 1812 pressionem
634 1765 831 1801 vicinarum
851 1765 1070 1805 arteriarum,
1091 1764 1351 1812 proximorum
1373 1763 1635 1808 musculorum,

48 1819 158 1869 ipfius
184 1820 290 1859 lentae
305 1821 402 1860 illius
427 1824 479 1861 vis
500 1823 741 1867 contrastilis,
770 1834 878 1872 quam
895 1830 1079 1861 mortuam
1107 1823 1196 1871 (h)
1225 1822 1407 1864 diximus,
1432 1823 1468 1859 &
1487 1835 1567 1872 quae
1589 1823 1640 1861 est

1597 1895 1638 1920 m

89 1985 150 2021 (e)
173 1987 283 2018 Nutriri
305 1993 400 2026 portes
422 1987 549 2027 corporis
575 1989 705 2021 animalis
735 1988 879 2028 particulis
912 1988 1063 2026 ambigis,
1098 1998 1160 2026 quae
1190 1987 1238 2017 fibi
1266 1985 1449 2021 adhaereant,
1485 1988 1642 2025 repudiare

45 2025 116 2057 alias
137 2027 285 2058 Burrum.
316 2029 350 2059 T.
376 2029 412 2060 11>
436 2041 461 2067 p.
483 2037 532 2068 48.
559 2031 615 2062 Sed
635 2033 661 2062 ὃ(
682 2041 753 2069 aqua
769 2055 777 2068 ‚
802 2033 828 2062 ἀ
857 2031 975 2062 oleum,
1000 2031 1027 2060 δι
1051 2031 1148 2059 omnia
1172 2029 1261 2059 fluida
1276 2050 1284 2063 ‚
1309 2027 1411 2066 quibus
1442 2028 1569 2066 utimur,
1599 2029 1637 2060 ad

51 2076 156 2098 terram
180 2070 299 2099 nostram
320 2070 475 2101 adhaerent.

88 2108 158 2147 (s)
182 2111 458 2142 Swumanm.
486 2113 551 2142 bibl.
586 2122 614 2150 p.
639 2122 704 2148 ηιμ.
747 2112 841 2142 Etiam
864 2121 981 2151 germen
1004 2112 1087 2141 nucis
1104 2120 1209 2141 coccos
1233 2110 1263 2140 in
1282 2110 1387 2140 duram·
1405 2119 1550 2148 gemmam
1574 2111 1637 2142 abit

47 2148 161 2180 szou.
188 2151 408 2182 mantiff..arorn
440 2163 468 2191 p,
489 2163 556 2191 207.
578 2154 661 2185 conf.
683 2154 712 2184 L.
730 2154 842 2184 XXVl.
869 2164 894 2190 μ.
921 2158 986 2191 361·
1013 2158 1081 2188 3⁶2·

89 2191 160 2227 (†)
183 2192 338 2222 Suum!
366 2193 442 2224 cases
470 2193 553 2224 'rom
575 2194 644 2225 111.
671 2205 696 2230 ρ.
723 2201 802 2231 506,
828 2203 896 2229 507.

88 2231 154 2267 (g)
177 2233 352 2264 Alimentum
381 2235 411 2263 in
431 2235 555 2273 partium
572 2235 724 2266 intervalla
743 2236 832 2267 venit.
857 2233 951 2266 Totus
978 2234 1104 2274 polypus
1129 2232 1215 2265 rubro
1235 2233 1332 2264 colore
1353 2232 1473 2270 tingitur
1486 2256 1493 2267 ,
1516 2236 1636 2273 quando

47 2272 222 2304 vermiculos
246 2275 397 2304 devoratos
421 2278 464 2306 vis
486 2276 595 2307 coclrix
619 2276 728 2316 subegit
760 2278 880 2308 Bana
899 2287 927 2315 p.
949 2284 996 2312 29.
1022 2277 1218 2306 ‘saniant-mr
1246 2285 1273 2313 μ,
1298 2277 1373 2310 126,
1396 2283 1461 2313 ¹27·
1494 2275 1634 2307 Senm-

49 2322 64 2342 r
80 2323 95 2342 a
108 2323 128 2342 iz
155 2316 306 2352 urmpolyp,
336 2326 370 2353 ρ,
388 2326 431 2352 ³²·
1634 2344 1636 2346 .

86 2354 210 2429 (ingL.
227 2356 282 2387 Xl.
303 2367 331 2396 p.
347 2367 416 2397 443-
433 2357 510 2398 seqq.
539 2358 607 2391 Sola
626 2359 700 2398 regit
720 2366 834 2392 motum
855 2357 1004 2391 succorum
1025 2357 1230 2398 vegetabilium
1259 2356 1412 2397 Lunwm
1438 2353 1526 2394 lnstis.
1550 2367 1628 2396 regn,

47 2403 109 2433 'ege
123 2405 142 2427 a
161 2401 174 2427 ι·
186 2417 194 2427 .
215 2405 245 2435 p.
264 2406 290 2436 ς.
