1955 2732
410 162 1290 209 SECT.1V.V1TA·FETUS.
1364 151 1368 154 ’
1557 174 1633 219 355

188 278 332 319 Callum
358 277 506 329 quidem
534 275 781 324 cartilaginem
805 273 897 317 effe,
930 273 989 311 sed
1011 272 1112 312 fuisse
1128 274 1353 324 periosteum
1369 274 1425 320 i),
1461 275 1498 313 Sc
1514 277 1548 315 ei
1570 289 1635 328 pe.²

75 339 250 377 riosteum
281 336 382 375 valde
403 335 582 373 adhaerere
601 332 666 376 k),
701 332 736 368 &
766 332 916 369 laminas
941 333 979 369 in
1007 331 1139 369 callum
1164 332 1332 370 emittere
1353 331 1396 379 l).

189 419 280 457 Non
301 419 396 466 tingi
415 429 434 454 a
453 417 553 454 rubia
573 427 618 464 pe
622 414 824 456 riosteum‚
858 413 959 463 quod
988 425 1028 450 ea
1055 412 1157 451 radix
1185 413 1293 450 unice
1311 415 1350 451 in
1372 421 1493 464 partes
1523 422 1638 454 creta-

78 488 157 514 ceas
183 479 235 518 m)
257 485 338 524 agat
353 502 363 517 ,
393 485 512 523 neque
537 472 668 509 debere
692 483 771 508 eam
793 471 1043 508 membranam
1064 481 1150 508 cum
1171 468 1243 507 offe
1264 472 1471 520 comparari
1486 471 1548 517 n),
1580 472 1638 510 sed

79 545 166 571 cum
187 532 403 580 cartilagine.

192 612 280 650 Haec
301 612 393 649 mihi
417 611 549 660 partim
564 621 642 646 non
660 605 705 646 ad
727 607 846 646 nostra
870 614 1085 657 argumenta
1107 607 1327 657 respondere
1347 608 1538 653 videntur,
1557 622 1640 660 par-

79 670 148 707 tim
168 669 282 707 aliena
307 667 374 707 effe
396 669 439 705 ab
466 667 720 715 experimento
734 693 743 708 ,
778 665 815 701 δε
833 665 991 714 denique
1009 664 1063 703 Cl.
1089 666 1183 702 viros
1207 664 1271 703 fibi
1291 668 1473 704 contraria
1495 666 1636 704 docere.

195 750 318 788 Solam
335 749 450 787 modo
475 747 724 796 cartilaginem
743 746 833 784 dicit
852 748 906 783 vir
923 746 976 784 Cl.
1001 759 1047 783 ex
1067 747 1248 796 periosteo
1269 747 1421 785 formari
1442 760 1449 785 :
1481 747 1564 785 alias
1579 761 1641 787 ve-

83 819 125 844 ro
148 806 322 845 decedere
347 806 391 843 de
416 804 598 854 periosteo
619 804 768 840 laminas
785 831 795 846 ‚
822 805 859 840 ἃ
880 802 947 841 effe
967 803 1116 840 laminas
1138 802 1219 841 offis
1236 805 1282 848 ο).

196 887 414 926 Primaevum
433 887 562 935 gluten
586 884 745 922 admittit
752 885 795 932 p)
809 913 817 927 ‚
852 885 888 922 &
909 885 992 922 alias
1013 885 1164 933 objicit,
1188 886 1295 923 etiam
1313 884 1348 922 id
1366 885 1494 935 gluten
1518 887 1640 936 perio-

83 945 199 982 steum
230 943 330 982 fuiffe
347 972 356 986 ‚
392 944 427 980 &
456 942 705 990 cartilaginem
732 940 873 979 craffius
900 941 968 979 effe
998 942 1229 991 periosteum.
1276 942 1373 980 Cum
1398 950 1521 982 tamen
1540 956 1559 980 a
1577 955 1640 992 ge-

50 1003 53 1005 ’
82 1000 123 1039 lu
143 1001 207 1039 illo
224 1029 233 1043 ,
266 1000 368 1050 quod
393 1012 438 1037 eo
461 1006 629 1048 tempore
655 998 704 1035 est
731 998 851 1036 femur
872 1026 882 1041 ,
915 998 1137 1047 periosteum
1167 998 1338 1036 facillime
1368 998 1475 1047 poffis
1507 1000 1641 1050 separa-

84 1069 123 1094 re
133 1055 200 1106 q),
225 1059 260 1094 δε
278 1069 364 1094 cum
378 1056 415 1093 id
439 1055 502 1093 sub
526 1054 642 1092 oculis
662 1055 790 1091 nostris
812 1055 849 1090 in
870 1055 1139 1105 cartilagineam
1158 1055 1244 1092 hinc
1261 1056 1299 1092 in
1321 1055 1455 1093 offeam
1475 1064 1641 1095 naturam

84 1114 238 1151 transeat
261 1112 297 1158 r)
319 1141 328 1156 ‚
361 1123 550 1165 nunquam
574 1112 612 1147 in
641 1112 911 1148 membraneam
930 1110 972 1154 s).

200 1193 299 1232 Cum
320 1195 359 1229 in
380 1191 511 1230 offibus
532 1191 626 1229 fetus
646 1191 895 1239 cartilaginem
916 1192 1063 1230 rubram
1080 1194 1272 1231 tremulam
1288 1221 1298 1236 ,
1318 1194 1438 1231 *etiam
1463 1193 1642 1242 gelatino-

86 1250 182 1294 sam,
200 1248 281 1287 offis
308 1249 412 1287 ilium
428 1276 437 1292 ‚
470 1247 621 1297 scapulae
641 1275 652 1290 ,
686 1247 767 1285 offis
793 1247 927 1297 petrosi
945 1277 957 1292 ‚
989 1248 1094 1287 facile
1118 1262 1138 1287 a
1156 1250 1338 1300 periosteo
1361 1250 1500 1301 separes
1519 1279 1528 1294 ‚
1566 1262 1642 1301 quo

86 1306 208 1346 media
228 1307 445 1345 continetur.

202 1386 300 1426 Cum
326 1389 365 1424 in
391 1386 467 1424 fetu
487 1415 496 1429 ,
529 1386 589 1424 cui
615 1384 793 1435 epiphyfis
816 1385 865 1423 est
890 1385 1121 1435 cartilaginea
1140 1415 1150 1429 ‚
1180 1387 1279 1426 nulla
1300 1389 1468 1438 periostei
1497 1389 1541 1426 ad
1569 1401 1644 1426 car-

88 1443 279 1493 tilaginem
305 1442 509 1493 epiphyfios
539 1442 580 1479 fit
606 1443 803 1491 proportio
826 1469 836 1484 ‚
873 1443 910 1479 Sc
937 1442 1214 1480 manifestissime
1238 1457 1257 1481 a
1287 1444 1373 1482 vasis
1398 1445 1519 1494 longis
1539 1474 1548 1488 ,
1582 1457 1644 1495 per

90 1502 270 1539 circulum
291 1499 493 1538 cribrosum
513 1499 787 1538 advenientibus
804 1498 835 1542 t)
853 1527 863 1541 ‚
899 1511 939 1536 ea
961 1499 1135 1548 cartilago
1152 1502 1191 1537 in
1210 1500 1343 1540 osseam
1368 1510 1531 1539 naturam
1556 1514 1645 1540 con-
1682 1546 1685 1548 ¹

91 1564 251 1594 vertatur
267 1585 277 1600 ,
310 1556 402 1593 nihil
415 1563 557 1593 mutato
574 1583 584 1597 ,
618 1555 710 1592 nihil
728 1562 893 1593 mutante
911 1557 1093 1604 periosteo
1112 1585 1121 1599 ,
1157 1557 1260 1606 quod
1280 1558 1376 1595 idem
1395 1559 1467 1601 est,
1497 1560 1532 1595 &
1556 1558 1646 1596 dum

91 1613 179 1662 gelu
206 1613 255 1650 est
279 1614 318 1649 in
348 1612 509 1661 epiphyfi
531 1640 541 1654 ,
576 1612 612 1648 δε
644 1611 732 1649 dum
768 1611 941 1659 cartilago
972 1612 1106 1660 glutini
1132 1612 1292 1652 succedit
1309 1643 1319 1657 ‚
1353 1615 1389 1650 &
1417 1614 1505 1651 dum
1534 1627 1573 1653 os
1600 1626 1645 1652 ex

90 1669 302 1718 cartilagine
326 1668 519 1706 subnatum
544 1667 601 1705 est.

206 1750 323 1801 Porro
340 1777 352 1793 ‚
384 1748 410 1786 fi
429 1748 501 1787 offa
521 1750 558 1785 in
584 1747 660 1785 fetu
678 1776 687 1790 ‚
721 1748 757 1784 &
779 1749 816 1784 in
836 1748 988 1786 animale
1017 1751 1054 1786 in
1078 1749 1199 1787 lucem
1224 1749 1325 1788 edito
1340 1780 1350 1794 ,
1383 1759 1547 1800 quartam
1566 1764 1644 1802 pari

46 1837 69 1855 ,
93 1812 170 1844 tem
184 1805 227 1850 v)
254 1806 306 1844 sui
331 1806 546 1843 incrementi
570 1804 705 1853 adepto
722 1832 732 1846 ,
764 1804 950 1842 struuntur
975 1816 1039 1853 per
1062 1806 1138 1843 vasa
1153 1834 1162 1848 ‚
1196 1819 1275 1856 quae
1299 1809 1546 1857 cartilaginem
1565 1821 1646 1846 mu-

95 1869 195 1905 tant,
229 1874 293 1900 cur
318 1874 395 1900 non
419 1861 545 1899 eadem
567 1860 610 1897 fit
633 1861 849 1898 eorumdem
871 1859 999 1898 offium
1024 1862 1196 1900 formatio
1213 1891 1223 1905 ,
1260 1864 1407 1913 quando
1434 1865 1542 1914 paulo
1564 1865 1645 1903 lon-

94 1921 177 1970 gius
195 1926 277 1957 aetas
297 1918 458 1957 animalis
475 1915 651 1967 proceffit²
667 1951 669 1953 ,
873 1941 906 1979 Y
925 1954 946 1991 y
979 1952 1000 1980 2
1589 1947 1645 1985 An

137 1998 164 2032 i]
187 2007 213 2035 p-
233 2007 297 2035 134.

137 2038 172 2072 h]
194 2048 212 2075 p
234 2047 297 2074 130.

146 2078 173 2112 l]
196 2086 297 2115 pazo.

137 2118 183 2152 m]
197 2128 223 2155 p.
238 2126 285 2154 23.

139 2159 176 2193 n]
199 2167 288 2195 1230·

139 2198 171 2233 ο]
192 2198 334 2236 nob.346,

137 2238 173 2277 p]
197 2238 329 2277 Ποῦ-ζμ

141 2279 174 2318 q]
198 2289 224 2316 p
255 2290 322 2317 342

142 2319 174 2353 r]
197 2328 224 2356 p
247 2331 312 2357 3¹0·

104 2407 131 2429 n
121 2359 171 2393 5]
196 2360 437 2434 {onnrNilvrp
457 2369 523 2398 209.
545 2361 732 2400 Da‘rnrnp
745 2371 790 2398 40.
815 2361 860 2391 Sic
873 2359 1009 2391 Bmmx
1021 2359 1042 2391 Ι.
1058 2371 1088 2399 p.
1103 2365 1170 2400 267
1184 2365 1250 2397 ,,68
1275 2362 1425 2393 Paean.
1442 2363 1506 2406 λιβ,
1527 2363 1644 2403 qsseolog.

149 2409 172 2436 3.
220 2411 264 2429 H
268 2411 328 2431 TER
387 2413 410 2433 c.

144 2439 173 2474 t]
196 2450 223 2477 p
248 2450 316 2477 ³14

145 2480 180 2516 v]
203 2480 257 2511 Die
275 2485 319 2520 36.
