1955 2732
0 2065 4 2105 ἔ

407 113 672 155 SECDIV.
730 111 938 154 VITA
994 111 1275 159 FETUS.
1538 124 1620 162 επ

70 227 206 266 rubeat.
266 223 316 264 Ea
333 222 476 262 flavedo
502 221 615 274 paulo
637 220 720 271 post
737 219 776 266 k)
802 222 840 259 in
862 220 1076 261 rubedinem
1098 221 1284 272 perficitur
1298 250 1310 267 ,
1341 222 1379 260 &
1398 233 1469 261 una
1485 224 1621 262 arteriae

69 284 228 321 nutritiae
251 282 434 332 adparent.

184 362 256 401 Sed
290 361 423 400 eodem
457 366 624 410 tempore
662 371 705 397 os
740 358 945 403 formatur,
980 360 1017 397 δε
1050 358 1139 398 sulci
1167 359 1366 402 oriuntur,
1405 359 1498 397 inter
1528 371 1622 409 quos

69 412 207 459 arteriae
234 419 350 456 rubrae
372 424 562 467 ponuntur
575 412 640 466 l);
674 416 710 453 &
730 416 827 453 intus
850 415 1025 464 alveolata
1047 416 1181 453 fabrica
1203 415 1358 454 nascitur
1379 444 1389 458 ‚
1410 423 1453 454 ut
1470 427 1622 465 quaeque

70 477 197 514 arteria
218 476 311 512 inter
331 474 407 512 duo
423 474 511 522 juga
533 473 728 510 eminentia
749 471 894 509 incedat
911 471 964 516 m)
981 500 991 515 ‚
1024 472 1060 509 &
1076 472 1218 509 laminae
1234 471 1278 509 de
1294 470 1367 509 osse
1381 471 1552 510 secedunt
1566 471 1620 515 n),

72 533 109 569 ἃ,
133 543 213 581 quae
235 529 374 579 reliqua
403 528 448 566 ad
473 528 555 567 offis
589 528 848 578 perfectionem
882 528 1075 577 pertinent.
1135 526 1185 565 Ea
1214 530 1347 566 omnia·
1371 540 1457 566 curn
1484 530 1621 566 arteriis

70 588 231 637 primum
257 585 513 634 adparentibus,
534 585 741 633 incipiunt,
775 585 811 621 &
835 595 921 621 cum
947 585 989 620 iis
1015 582 1184 632 profectis
1215 583 1478 632 perficiuntur,
1509 590 1551 621 ut
1568 585 1623 621 ni-

69 642 123 680 hil
149 653 194 679 ex
220 641 428 690 cartilagine
452 642 490 677 in
514 653 556 679 os
580 640 786 682 formetur,
817 639 908 676 nihil
938 641 976 676 in
1003 638 1211 677 universum
1255 640 1293 677 in
1335 638 1408 677 offe
1438 641 1475 677 in
1500 639 1624 676 distin.

72 698 164 736 <flam
188 698 361 735 fabricam
382 703 581 735 maturetur
599 724 610 740 ‚
642 695 707 734 nisi
727 696 841 734 rubor
865 695 1081 744 sanguineus
1107 707 1153 733 eo
1177 697 1393 744 pervenerit.
1434 695 1509 734 Die
1526 695 1623 733 deci-

36 764 39 766 ·
70 765 135 792 mo
158 752 311 802 septimo
329 754 389 799 0),
424 753 461 789 &
481 753 610 791 ociavo
628 780 638 794 ‚
668 764 743 802 quo
769 759 937 800 tempore
964 751 1039 790 vasa
1054 750 1098 800 p)
1120 750 1200 790 offis
1225 751 1496 801 longitudinem
1525 762 1625 790 nunc

23 2341 46 2368 ,J

71 809 212 847 emensa
234 809 315 847 sunt
331 837 341 852 ,
360 810 396 845 δι
420 810 459 846 in
476 807 663 858 epiphyfin
685 815 943 857 penetrarunt,
966 820 1006 846 os
1029 809 1138 845 etiam
1151 807 1286 845 durum
1301 809 1350 845 est
1378 808 1415 845 &
1438 806 1562 857 fragile
1573 806 1621 855 q),

182 888 317 928 Eadem
343 888 556 938 epiphyseos
573 885 615 938 r)
638 896 764 926 natura
784 889 842 926 est.
884 887 958 926 Die
988 900 1001 924 1
1014 895 1046 932 8.
1068 889 1249 937 incipiunt
1271 889 1379 926 rubra
1395 888 1471 926 vasa
1490 890 1624 925 ineam

71 944 361 995 fimpliciffimam
382 944 550 983 haclenus
569 945 816 993 cartilaginem
843 944 959 982 subire
979 957 987 981 :
1018 944 1103 982 mde
1120 951 1299 992 augentur
1315 944 1441 981 eadem
1456 972 1466 987 ‚
1498 945 1533 981 ἃ
1556 956 1624 982 nu-

71 1002 210 1040 merosa
235 1001 338 1044 sunt,
376 1001 413 1037 δε
441 1001 487 1039 de
513 1000 765 1049 hemisphaerio
802 1000 986 1038 vasculoso
1023 1006 1184 1042 exeunt,
1214 1007 1255 1038 ut
1283 1000 1470 1049 epiphysm
1502 999 1625 1050 perfo-

71 1064 155 1095 rent
170 1085 181 1100 ,
215 1057 273 1095 die
296 1067 360 1094 21.
381 1063 537 1094 exeunte
551 1056 585 1103 s)
606 1085 616 1099 ,
651 1057 687 1093 &
711 1064 859 1094 externa
889 1058 999 1093 etiam
1021 1056 1096 1093 vasa
1119 1067 1218 1093 nunc
1242 1056 1279 1092 in
1303 1055 1491 1106 epiphyfin
1512 1068 1624 1109 pene-

71 1119 169 1152 trant
186 1114 244 1157 t):
275 1112 407 1150 eodem
429 1112 585 1150 omnino
609 1111 668 1149 die
692 1113 855 1162 primum
884 1111 1034 1150 nucleus
1062 1110 1178 1150 osseus
1203 1113 1241 1149 in
1257 1113 1302 1157 v)
1325 1111 1488 1161 epiphyfi
1514 1112 1626 1162 adpa-

72 1176 154 1212 ret,
186 1168 346 1218 alterque
365 1168 407 1212 x)
433 1168 574 1216 aliquot
597 1168 720 1216 postea
745 1167 872 1205 diebus
904 1168 1063 1206 succedit
1084 1196 1095 1211 ‚
1127 1169 1271 1218 quoties
1297 1169 1326 1205 is
1358 1177 1455 1206 artus
1479 1168 1625 1206 duobus

72 1224 211 1263 nucleis
237 1231 415 1272 augetur;
451 1225 516 1273 qui
538 1223 658 1261 nuclei
683 1225 754 1261 toti
780 1235 880 1262 nunc
903 1223 990 1261 vafis
1012 1225 1155 1272 rigent,
1187 1225 1224 1261 Sc
1247 1222 1375 1261 emiffis
1396 1224 1432 1261 &
1451 1226 1616 1273 receptis.

184 1304 256 1343 Sed
277 1316 348 1342 una
375 1303 550 1341 alveolata
579 1302 673 1342 offea
697 1310 825 1342 natura
846 1304 968 1342 nuclei
979 1304 1022 1350 y)
1050 1304 1235 1354 perficitur
1251 1332 1261 1348 ,
1294 1304 1465 1355 idemque
1483 1333 1495 1349 ,
1535 1317 1626 1343 con-

73 1360 189 1400 sumta
215 1361 423 1410 cartilagine
452 1360 666 1410 epiphyseos
685 1388 695 1403 ,
728 1372 809 1398 eam
834 1367 951 1398 totam
969 1361 1144 1410 paulatim
1163 1368 1323 1410 occupat
1341 1360 1392 1405 z).

185 1441 297 1480 Nunc
317 1443 355 1478 in
377 1440 470 1478 callo
493 1441 618 1479 eadem
637 1440 698 1479 lex
722 1441 866 1478 obtinet
884 1468 894 1483 ‚
928 1441 964 1478 &
992 1441 1103 1478 iidem
1127 1453 1222 1490 pene
1245 1440 1329 1477 dies.
1363 1440 1462 1478 Nam
1486 1452 1532 1478 ex
1555 1440 1624 1479 fra-

7 1500 18 1506 '
75 1498 134 1537 sto
154 1496 226 1535 offe
247 1497 373 1546 gluten
396 1497 544 1545 quidem
562 1497 679 1534 statim
704 1496 903 1534 effunditur
919 1497 959 1542 a)
982 1496 1158 1534 viscidum
1175 1525 1186 1539 ,
1232 1496 1275 1533 ab
1298 1496 1464 1534 alcohole
1488 1509 1626 1546 coagu-

74 1553 181 1592 labile
197 1581 207 1596 ,
238 1565 283 1590 eo
307 1554 433 1601 magis,
460 1565 535 1602 quo
563 1553 732 1590 vetustius
750 1553 797 1589 est
809 1553 856 1596 h),
898 1552 1095 1590 Tremebat
1116 1552 1215 1590 idem
1235 1552 1324 1589 hora
1341 1559 1445 1598 mma·
1480 1553 1628 1591 Deinde

75 1609 241 1650 matium
256 1608 362 1658 gelu,
390 1608 465 1646 fere
487 1608 706 1646 membranae
724 1607 838 1646 fimile
858 1607 891 1651 c)
906 1637 916 1652 ,
945 1609 1083 1647 firmius
1108 1616 1205 1651 erat,
1238 1608 1275 1645 ἃ
1292 1606 1415 1646 album
1434 1609 1492 1646 die
1508 1609 1623 1653 sexto,

861 1663 884 1701 S
904 1676 921 1701 s
956 1674 975 1709 3
1468 1664 1621 1714 septimo

122 1758 149 1795 1)
171 1766 199 1795 p.
214 1760 278 1792 2³6-
293 1765 360 1794 237·

118 1797 162 1834 m)
174 1797 257 1827 Conf.
271 1796 379 1827 tabulas
395 1804 411 1826 a
426 1796 472 1825 die
494 1805 537 1825 υ.
556 1796 592 1826 ad
611 1801 655 1831 18.
675 1806 705 1834 p.
721 1803 788 1832 237.
807 1799 875 1831 238.

115 1838 151 1874 n)
173 1846 200 1874 p.
221 1840 287 1875 236.
305 1837 351 1866 die
365 1836 556 1866 duodecimo:
571 1845 598 1873 p.
611 1845 677 1875 237.
696 1835 745 1865 die
759 1835 873 1866 decimo
885 1840 998 1873 quartat

117 1879 148 1913 (ι)
169 1875 238 1907 Obf.
253 1881 297 1911 88.
313 1876 381 1906 hora
390 1881 458 1911 408.

111 1918 148 1955 γ)
173 1916 241 1947 ibid.
258 1915 316 1947 obs.
330 1926 378 1954 92.
394 1916 463 1946 hora
476 1924 544 1953 432.

115 1958 150 2033 ἕξ
168 1956 238 2026 Ξξῖἶῗῖ
254 1996 311 2027 obs.
325 2002 372 2033 83.
387 2002 419 2028 ut
430 1995 520 2027 modo
531 1995 602 2026 dxxi.

119 2037 148 2073 s)
169 2036 237 2067 Obs.
252 2047 319 2074 ¹05·

119 2077 147 2112 τ)
169 2076 239 2106 ibid.

120 2116 154 2153 v)
176 2116 245 2146 ibid.

118 2157 153 2193 x)
175 2155 315 2194 Obfi109.

113 2197 152 2234 gy)
174 2196 240 2227 Obs.
263 2207 328 2230 110,
343 2198 414 2228 ἂο.»

119 2237 152 2272 z)
174 2237 242 2266 ibid.

118 2279 151 2312 a)
172 2277 249 2307 Hora
263 2286 309 2313 24.
327 2287 355 2315 p.
370 2286 416 2307 20.
431 2287 477 2309 21,
494 2277 560 2310 add.
575 2287 603 2316 p.
616 2287 664 2316 23.
685 2277 719 2310 In
734 2289 804 2310 cane
820 2277 890 2309 hora
902 2284 928 2314 8.
944 2287 971 2316 p.
987 2287 1032 2316 29.
1054 2277 1111 2309 Die
1123 2287 1166 2316 ις.
1181 2277 1218 2308 ad
1230 2285 1276 2314 25.
1288 2277 1320 2307 in
1329 2275 1446 2308 homine
1455 2275 1620 2307 RAuwon

80 2317 219 2349 Mercure
231 2319 264 2348 de
278 2320 389 2348 France
406 2323 488 2355 ¹758·
509 2317 579 2348 febr.
602 2320 667 2349 add.
683 2320 814 2351 Duum
830 2321 884 2352 διο.
899 2319 966 2351 vide
977 2329 1006 2358 p.
1024 2324 1089 2358 316.

121 2358 154 2393 b)
175 2367 202 2394 p.
217 2367 262 2388 21.
288 2358 352 2389 add.
369 2368 394 2396 p.
409 2365 456 2393 28.
471 2367 517 2396 29.

120 2397 150 2434 c)
163 2406 198 2435 Vp.
214 2407 259 2436 30.
276 2407 321 2436 31.
338 2400 390 2429 &c-
