1955 2732
524 113 765 153 SECDV.
825 110 1167 151 PARTUS.
1539 124 1622 161 459

64 225 169 262 nium
194 219 476 271 quadrupedum
497 222 655 258 maxime
675 220 884 269 multigami,
917 227 959 257 ut
986 215 1286 257 numerofissim'as
1312 219 1350 255 in
1378 219 1510 256 ovariis
1536 218 1625 258 vefi-

66 281 164 318 cuias
187 278 329 315 habent„
393 276 536 327 Cuique
563 276 656 315 claffi
680 277 762 315 suus
787 288 961 314 numerus
989 275 1158 326 praefixus
1186 275 1243 312 est.

182 361 275 396 Aves
300 359 427 408 aliquae
451 359 583 407 biparae
601 358 631 401 i)
650 357 731 395 sunt
746 387 755 400 ‚
776 370 856 408 quoe
882 358 1104 406 conjugatae:
1132 356 1299 405 plurimae
1321 354 1523 405 multiparae
1542 385 1552 398 ‚
1587 356 1625 393 δε

67 418 106 454 in
121 415 327 454 universum
345 427 460 463 genus
477 417 668 463 oviparum
682 411 729 463 k)
744 414 896 452 fertilius
909 415 958 452 est
968 425 1103 463 genere
1122 415 1287 463 viviparo
1300 441 1309 455 ‚
1330 412 1450 462 quod,
1466 419 1508 450 ut
1518 418 1623 461 puto,

68 474 192 511 minor
217 472 320 509 labor
346 470 388 508 slt
411 473 646 508 tenerrimum
668 471 783 508 fetum
810 470 854 508 ad
887 473 1003 520 prima
1034 472 1115 508 vitae
1143 470 1252 507 stadia
1275 476 1480 512 maturare,
1514 479 1627 518 quam

69 528 112 567 fit
141 528 367 566 femellarum
387 528 631 576 vivipararum
648 527 752 566 labor
767 556 777 570 ‚
796 539 875 578 quae
897 527 1014 565 fetum
1034 526 1139 565 suum
1163 525 1273 563 talem
1292 525 1424 568 edunt,
1443 525 1557 575 qualis
1582 535 1628 561 ex

70 587 303 634 ovipararum
329 596 402 621 ovo
422 583 570 633 prodit,
601 583 719 622 nihilo
735 583 1041 634 imperfectiorem
1055 612 1065 627 ,
1082 584 1251 621 minusve
1270 590 1398 632 aptum
1419 581 1464 620 ad
1481 583 1630 632 capien-

69 642 161 679 dum
184 640 408 677 alimentum.

185 721 341 759 Piscium
360 720 388 764 ἶ)
406 749 416 763 ,
449 722 514 771 qui
530 722 687 771 propriae
712 720 806 759 clasii
822 733 900 759 non
924 728 1079 770 parcunt
1096 750 1106 764 ‚
1140 720 1175 757 &
1200 720 1418 758 inferiorum
1433 715 1494 770 m)
1512 721 1632 757 incre--

14 814 20 819 ,
73 778 194 817 dibilis
221 779 270 815 est
297 778 470 815 fertilitas,
530 777 624 821 Sed,
659 779 722 827 qui
744 779 868 816 omnia
889 778 1055 828 praevidit
1083 776 1402 820 CREATOR,
1437 789 1477 815 ea
1492 778 1631 814 anima-

73 835 121 873 lia
149 832 243 883 juffit
265 833 334 871 effe
357 834 570 872 fecundiora
589 863 599 877 ,
632 835 765 884 quibus
790 835 893 884 plura
922 834 1083 884 pericula
1103 834 1381 884 impenderent,
1417 834 1453 871 &
1476 845 1555 883 quae
1579 833 1629 870 ob

74 892 290 941 parvitatem
323 893 427 927 omni
452 892 590 938 injuriae
613 892 776 928 obnoxia
797 890 933 935 effent,
965 899 1028 930 aut
1055 903 1134 941 quae
1163 889 1345 928 difficilius
1366 889 1431 927 fibi
1455 892 1536 927 vitae
1566 889 1631 926 ali-

75 954 199 985 menta
223 955 357 984 curant.
387 947 523 999 VBoum
540 976 550 991 ,
577 948 615 984 δε
635 946 970 985 innocentiffimum
997 949 1124 986 ovium
1146 960 1262 996 genus
1279 975 1290 990 ,
1325 949 1520 996 imparium
1540 958 1630 983 con-

76 1002 256 1041 servandae
280 1003 410 1052 speciei
427 1033 436 1047 ‚
470 1002 494 1040 fi
514 1003 674 1041 hominis
698 1004 811 1042 tutela
833 1005 1013 1043 caruerint
1028 1003 1088 1049 n),
1108 1005 1223 1053 magis
1244 1003 1435 1042 numerosa
1457 1015 1547 1052 gens
1567 1002 1628 1044 est,

78 1072 188 1110 quarn
208 1059 382 1109 luporum
402 1088 413 1103 ‚
446 1061 509 1109 qui
532 1060 718 1110 multipari
741 1060 817 1098 fine.

190 1140 252 1178 Et·
268 1140 352 1178 ideo
377 1142 484 1178 etiarn
505 1170 514 1184 ,
546 1148 589 1179 ut
611 1141 815 1184 herbivora,
837 1142 958 1179 minus
971 1141 1183 1180 succulento
1207 1143 1291 1180 cibo
1308 1141 1380 1197 ᾤ
1399 1169 1409 1184 ,
1444 1153 1520 1179 non
1549 1139 1632 1190 pos-

48 1222 51 1224 —
78 1197 160 1236 suut
177 1197 390 1234 numerosos
413 1198 507 1235 fetus
523 1198 616 1236 alere
638 1227 648 1242 ‚
670 1199 719 1236 ita
732 1198 865 1247 species
883 1210 1015 1237 eorum
1027 1198 1196 1237 facilitate
1211 1198 1374 1236 alimenti
1392 1195 1632 1237 CREATOR

79 1261 204 1292 tuetur
223 1282 232 1297 ,
266 1266 342 1303 quo
372 1253 505 1303 absque
533 1254 658 1292 labore
684 1255 869 1292 universus
895 1255 993 1293 orbis
1022 1255 1193 1298 vestitur,
1227 1256 1316 1293 dum
1346 1257 1536 1292 carnivora
1567 1265 1633 1302 per

79 1310 172 1348 bella
189 1311 226 1347 δε
243 1309 402 1359 pericula
415 1339 425 1353 ,
449 1311 486 1347 &
500 1322 565 1360 per
579 1310 752 1360 plurimas
765 1310 1003 1354 difficultates,
1024 1311 1183 1361 praedam
1205 1324 1363 1362 quaerere
1386 1318 1571 1360 coguntur
1584 1308 1629 1354 ο).

193 1391 326 1441 Neque
346 1392 396 1430 ob
423 1391 601 1430 solitarios
621 1399 745 1442 partus
770 1394 878 1430 nimis
904 1392 1002 1430 lente
1024 1392 1139 1430 secula
1155 1393 1365 1431 animalium
1388 1392 1635 1442 multiplican-

78 1455 142 1490 ‚tur
161 1477 171 1491 ‚
206 1460 326 1498 neque
355 1448 505 1486 demum
531 1448 658 1487 homo.
718 1449 897 1488 Animalia
919 1451 1042 1492 mitia,
1072 1451 1204 1499 quibus
1225 1461 1414 1499 nunquam
1446 1449 1550 1487 suum
1572 1448 1634 1484 ali-

82 1512 252 1542 mentum
271 1504 391 1544 deficit
403 1504 417 1548 ⁷,
453 1508 648 1554 quotannis
671 1508 838 1555 pariunt,
876 1507 913 1543 &
937 1507 1000 1543 vix
1026 1519 1162 1543 annum
1184 1515 1266 1545 nata
1294 1507 1519 1556 concipiunt.
1580 1504 1634 1542 Ita

84 1573 131 1599 ex
153 1573 226 1599 una
244 1573 351 1599 vacca
372 1563 410 1598 in
434 1568 495 1598 26.
514 1564 616 1599 annis
635 1563 729 1600 fetus
749 1563 919 1611 produeli
936 1562 1018 1599 sunt
1038 1570 1116 1604 800
1129 1561 1182 1609 p).

197 1641 276 1691 Ipse
307 1642 424 1680 homo
446 1671 455 1684 ,
489 1644 552 1692 qui
582 1650 712 1692 praeter
748 1645 872 1681 omnia
897 1642 1084 1685 animalia,
1121 1655 1200 1692 quae
1229 1643 1336 1680 nobis
1362 1643 1604 1680 innotuerunt
1622 1670 1632 1685 ,

86 1698 279 1736 tardissime
303 1698 346 1736 ad
378 1700 606 1748 pubertatem
631 1701 799 1748 pervenit
817 1728 827 1743 ,
863 1706 985 1737 tamen
1012 1711 1078 1748 per
1096 1700 1281 1737 connubia
1300 1699 1488 1736 celerrime
1508 1700 1637 1747 ingen-

85 1761 141 1811 tes
161 1756 199 1792 in
219 1755 379 1804 populos
404 1755 588 1798 increscit,
622 1757 710 1794 dum
743 1756 777 1794 se
809 1757 926 1805 ipsum
948 1768 1027 1793 non
1059 1768 1124 1805 per
1154 1756 1246 1792 bella
1271 1755 1518 1804 jugulaverit:
1551 1767 1636 1792 nam

87 1812 226 1860 pestem
255 1823 354 1849 nunc
378 1819 518 1849 certum
548 1812 619 1854 est,
653 1812 753 1861 posse
780 1813 955 1861 diligente
982 1812 1145 1850 custodia
1168 1814 1309 1855 averti,
1344 1813 1381 1848 δε
1403 1811 1633 1854 variolarum,

86 1875 199 1917 atque
226 1880 385 1906 venereae
410 1869 478 1906 luis
499 1869 658 1918 pericula
678 1869 736 1908 vel
761 1881 943 1919 occupare
967 1868 1162 1906 didicimus
1177 1897 1188 1912 ‚
1215 1869 1274 1907 vel
1295 1869 1468 1918 superare.

889 1924 935 1963 M
949 1936 987 1962 m
1001 1936 1039 1961 m
1072 1935 1095 1963 2
1582 1923 1638 1963 Ex

130 2027 164 2061 i)-
179 2025 325 2057 Columbae
339 2027 469 2058 HARvm
486 2038 516 2066 p.
529 2032 576 2064 84.
600 2025 701 2059 Oea-on.
714 2030 781 2061 ahh.
799 2031 830 2060 V
846 2039 872 2067 p.
880 2031 925 2066 96
931 2037 978 2066 97
997 2027 1045 2057 sed
1059 2027 1168 2058 eaedem
1181 2028 1271 2058 octies
1287 2028 1316 2057 in
1333 2037 1410 2057 anno
1424 2027 1548 2066 pariunt

129 2068 163 2102 k)
182 2066 310 2097 Buri-on
323 2068 357 2098 11.
378 2077 404 2105 p.
421 2077 488 2105 307

130 2107 157 2144 l)
178 2106 322 2137 FANToN
334 2118 362 2146 p.
375 2117 440 2137 211.
464 2108 565 2147 Loligo
579 2110 653 2147 parit
669 2113 774 2147 39760.
789 2109 874 2139 ἔπιε.
898 2108 1088 2139 ΒοΗΑῡεοΗ.
1103 2111 1164 2138 am)
1166 2110 1307 2138 ηαλεηιῑν
1301 2110 1333 2137 ³72
1355 2117 1384 2145 p.
1401 2112 1448 2139 61.

132 2157 151 2176 n
153 2147 177 2183 ι)
194 2149 260 2185 Apis
283 2159 357 2186 pene
379 2149 527 2178 innumera
541 2159 593 2178 ova
607 2151 681 2187 parit
693 2151 933 2179 Swaminzmm
947 2152 1013 2180 bibl.
1031 2159 1056 2186 p.
1071 2159 1138 2187 47¹·
1164 2150 1204 2179 Ex
1218 2160 1277 2179 uno
1291 2148 1427 2186 pediculo
1437 2150 1466 2178 in
1480 2148 1578 2186 quinta
1592 2158 1638 2186 ge·

92 2189 241 2218 nex-atione
263 2189 443 2219 nascerentur
468 2189 597 2219 animalia
624 2200 866 2227 5.904.9:>0.000.
901 2190 1048 2220 Bos-Nm.
1078 2190 1154 2228 apud
1187 2190 1358 2220 Remum.
1377 2189 1412 2219 T.
1425 2190 1470 2219 Vl.
1488 2199 1516 2227 p.
1531 2192 1596 2225 56⁶.
1619 2188 1639 2218 fi

93 2228 205 2259 nullum
222 2231 338 2267 periret.
354 2230 429 2260 Hinc
440 2230 559 2260 testacea
573 2232 599 2259 ἃ
614 2231 718 2260 insecta
735 2231 872 2268 pleraque
891 2233 1006 2269 ovipara
1028 2231 1174 2260 Boxum.
1195 2240 1274 2268 corps
1287 2228 1426 2268 orgmzists
1438 2232 1479 2260 II.
1498 2239 1598 2267 p.153.

134 2270 170 2305 n)
192 2270 347 2301 Consilium
371 2270 469 2300 ovium
486 2270 516 2300 in
537 2271 632 2301 liberis
646 2272 718 2301 arvis
735 2271 839 2308 absque
862 2271 986 2301 hominis
1009 2281 1076 2301 cura
1092 2271 1257 2301 alendarum
1272 2272 1302 2300 in
1320 2271 1409 2301 Gallia
1423 2277 1555 2308 captum,
1580 2269 1639 2299 exi-

96 2315 158 2339 tum
176 2310 291 2341 felicem
312 2322 370 2341 non
392 2309 500 2341 habuit.

138 2350 167 2385 ο)
190 2352 273 2382 Seme
276 2353 284 2381 l
304 2354 407 2382 troctas
431 2361 528 2390 parere
550 2361 625 2388 pene
647 2350 686 2382 est
706 2351 875 2383 incredibile
901 2355 974 2385 Nov.
990 2353 1082 2384 Aeaci
1100 2351 1274 2390 Petrop.111.
1296 2360 1406 2390 p.407
1430 2361 1497 2382 cum
1511 2350 1637 2389 alioquin

97 2389 284 2423 ferocissmms
307 2404 334 2431 p·
329 2393 389 2422 iiscs
412 2391 575 2429 paucissima
599 2403 675 2429 ov,a
698 2393 749 2423 sle
757 2393 918 2424 mitiffimus
940 2394 1075 2432 cyprinus
1096 2393 1217 2430 plurima
1237 2393 1336 2431 pariat

133 2433 167 2470 P)
189 2433 599 2473 CARDAN.J71htilit.p.147.
