1955 2732
358 146 428 182 298
821 137 916 176 Lm.
952 138 1098 178 XXIX.
1161 139 1189 178 F
1219 138 1247 179 E
1275 140 1309 180 T
1339 142 1376 181 U
1405 142 1438 182 s,

347 235 521 296 impulsus
547 257 613 295 per
635 246 786 283 amnion
806 244 930 284 sudare
952 274 961 290 ‚
999 258 1108 297 quam
1133 246 1270 286 neceffe
1293 247 1335 287 fit
1357 248 1537 289 dissectam
1559 253 1673 302 poni,
1702 260 1743 292 ut
1763 254 1809 292 ad
1826 266 1906 293 eam

344 303 512 340 arteriam
535 300 690 341 accessus
712 302 828 340 detur.

455 383 630 434 Denique
649 385 756 422 etiam
779 385 816 421 in
831 383 1129 433 quadrupedibus
1152 386 1308 435 oviparis
1325 386 1460 425 humor
1479 388 1569 426 fetui
1587 390 1903 436 circumfunditur,

346 443 382 479 δε
407 442 446 478 in
468 441 623 490 piscibus
640 442 674 483 c)
689 469 698 483 ,
729 441 860 489 quibus
881 440 1001 478 nullus
1025 441 1092 484 est,
1116 441 1298 480 funiculus
1320 444 1535 482 umbilicalis
1549 473 1560 489 ,
1593 447 1691 485 nulla
1718 459 1807 497 ergo
1827 449 1903 492 via,

344 511 415 549 qua
437 497 482 535 de
508 497 601 535 fetus
623 498 840 536 humoribus
865 498 978 534 amnii
1002 497 1125 547 liquor
1147 498 1308 536 nascatur
1327 499 1376 544 d).

457 578 557 627 Ergo
587 580 630 616 ab
658 587 765 617 utero
799 579 873 621 est,
909 580 945 616 &
971 588 1155 622 amatre,
1189 579 1365 630 siquidem
1401 594 1419 619 a
1451 582 1528 619 fetu
1558 581 1626 620 effe
1663 595 1740 622 non
1773 586 1902 634 potest.

345 636 434 675 Non
462 636 572 673 ausim
602 637 895 685 experimentum
920 635 1123 684 producere
1139 665 1149 680 ,
1182 638 1221 674 in
1242 649 1318 687 quo
1342 649 1472 677 crocus
1488 667 1499 682 ,
1539 651 1651 690 quem
1672 648 1786 678 mater
1810 641 1907 680 sum-

344 693 434 730 serat
456 721 466 735 ,
500 693 684 742 liquorem
710 694 822 730 amnii
849 694 960 742 tinxit
981 691 1027 736 e),

459 774 536 811 Via:
562 776 717 813 omnino
745 775 971 823 ignorantur.
1029 773 1193 824 Oportet
1217 773 1276 813 vel
1303 787 1368 825 per
1400 774 1558 815 chorion
1569 775 1616 828 j)
1632 805 1644 821 ,
1678 777 1715 816 &
1735 778 1907 819 mediam

344 833 619 875 membranam,
651 833 690 868 in
712 833 864 870 amnion
887 831 1129 874 transfusum,
1162 830 1220 868 vel
1250 843 1315 881 per
1347 832 1559 882 placentam.

457 912 539 951 Nos
565 912 715 962 quidem
741 914 836 951 viam
863 925 941 951 eam
968 914 1180 962 ignoramus
1197 941 1206 955 ,
1246 925 1324 952 rem
1354 914 1467 963 ipsam
1502 927 1580 953 non
1608 915 1772 955 videmus
1803 916 1906 955 aliter

296 1007 299 1008 .
346 969 444 1020 poffe
472 969 654 1019 explicari.
717 969 875 1008 Noviter
904 978 1027 1008 autem
1057 970 1101 1006 de
1135 976 1241 1006 utero
1269 978 1449 1019 perpetuo
1481 971 1631 1021 separari
1658 972 1796 1011 neceffe
1825 974 1874 1012 est
1891 1002 1903 1017 ,

345 1039 464 1077 neque
481 1026 540 1064 illa
567 1026 707 1077 aliquot
726 1038 835 1075 grana
850 1024 1054 1069 sufficiunt,
1081 1037 1160 1075 quae
1187 1038 1301 1062 ovum
1311 1030 1358 1074 g)
1382 1027 1426 1064 de
1451 1030 1578 1065 ovario
1600 1027 1705 1067 suum
1728 1029 1867 1068 adtulit.

454 1109 497 1147 Id
527 1109 634 1145 etiam
668 1119 833 1150 moneo,
865 1109 1017 1145 minime
1057 1105 1224 1144 eamdem
1257 1107 1422 1146 humoris
1457 1111 1570 1146 amnii
1600 1111 1780 1148 rationem
1810 1110 1902 1155 effe,

345 1177 425 1216 quae
450 1166 499 1203 est
522 1165 665 1214 vaporis
691 1164 825 1214 pleurae
842 1194 851 1207 ,
885 1163 1077 1213 pericardii
1101 1191 1110 1205 ,
1142 1171 1204 1199 aut
1232 1165 1421 1212 peritonaei
1439 1194 1450 1208 ,
1483 1167 1547 1215 qui
1576 1178 1727 1215 vapores
1760 1168 1805 1205 de
1834 1168 1904 1206 suis

344 1222 565 1261 membranis
589 1220 797 1270 perspirant.
859 1220 1025 1270 Vupores
1050 1221 1147 1258 enim
1171 1219 1251 1264 sunt
1266 1248 1275 1261 ,
1308 1232 1467 1270 quorum
1496 1224 1533 1259 in
1552 1222 1728 1261 saniffimo
1746 1236 1905 1273 corpore

345 1279 443 1317 nulla
467 1278 508 1316 fit
536 1278 782 1316 memorabilis
817 1289 918 1327 aquae
951 1276 1068 1315 effusae
1097 1276 1218 1312 similis
1250 1278 1405 1316 ubertas.
1466 1277 1609 1316 Verum
1638 1281 1675 1316 in
1699 1282 1822 1317 amnio
1842 1280 1907 1318 de-

346 1338 407 1374 bet
438 1335 593 1385 spatium
621 1334 704 1372 alias
734 1336 840 1372 inane
867 1333 1028 1384 repleri,
1062 1331 1165 1384 quod
1189 1333 1281 1369 inter
1310 1333 1428 1373 fetum
1456 1335 1492 1372 &
1522 1338 1673 1374 amnion
1702 1337 1905 1386 plurimum

349 1392 502 1432 interest.

655 1483 689 1527 §-
723 1479 774 1520 X.
837 1479 938 1517 Num
965 1481 1037 1526 ejus
1064 1480 1224 1517 humoris
1247 1485 1379 1518 natura
1391 1479 1440 1529 fit
1471 1480 1610 1520 alihilis.

896 1549 1119 1596 Aygumenta
1144 1548 1360 1595 negantium.

460 1641 734 1680 Accuratiorem
762 1641 823 1678 hic
852 1639 920 1678 effe
949 1640 1077 1682 decet,
1110 1651 1196 1678 cum
1224 1649 1363 1687 nuper,
1398 1638 1506 1675 etiam
1540 1650 1626 1676 cum
1661 1638 1784 1689 aliquo
1813 1651 1905 1677 con-

349 1700 463 1738 trariae
479 1701 584 1737 nobis
599 1700 781 1737 sententiae
803 1698 926 1735 favore
950 1725 960 1740 ,
993 1697 1142 1747 plurimi
1155 1696 1209 1735 Cl.
1228 1696 1296 1732 viri
1315 1696 1528 1743 negaverint
1547 1724 1557 1739 ,
1577 1695 1737 1734 alibilem
1755 1695 1906 1734 succum

350 1755 417 1794 effe
439 1758 501 1806 qui
536 1758 660 1794 amnio
685 1756 908 1793 continetur.

461 1837 613 1876 Veteres
642 1839 805 1879 omitto,
838 1837 902 1885 qui
936 1834 981 1872 de
1016 1833 1235 1884 quibusdam
1268 1833 1364 1870 uteri
1401 1832 1626 1877 tuberculis,
1659 1832 1756 1883 quasi
1788 1833 1906 1882 papil-

348 1894 390 1932 lis
409 1890 451 1939 ιι)
471 1923 482 1937 ,
514 1907 560 1932 ex
591 1896 786 1933 brutorum
813 1892 1025 1930 animalium
1056 1891 1190 1928 fabrica
1210 1917 1220 1932 ‚
1262 1890 1300 1926 in
1332 1888 1529 1926 humanam
1552 1890 1725 1939 translatis
1745 1917 1756 1933 ,
1789 1889 1907 1927 fetum

1843 1957 1908 1983 ore

391 2049 418 2082 c)
440 2047 472 2077 ln
500 2046 567 2077 salso
585 2047 696 2085 liquore
721 2053 852 2077 natantes
879 2045 955 2076 fetus
974 2044 1079 2083 absque
1094 2043 1232 2074 umbilico
1248 2043 1434 2074 Lommzmi
1455 2042 1623 2083 Crampfisbh
1639 2053 1668 2082 p.
1687 2052 1736 2082 47.
1757 2049 1804 2080 48.
1846 2043 1908 2075 VA-

353 2098 477 2118 usrxmss.
500 2090 560 2119 Gal.
579 2090 611 2117 di
628 2090 761 2118 Minerv.
785 2088 817 2118 T.
834 2086 877 2117 VI.
903 2097 931 2125 p.
955 2096 997 2124 ¹3-

392 2131 428 2165 d)
451 2130 703 2159 Swmmmnam.
725 2130 836 2158 Itfoede'.
854 2130 991 2165 diertjsp.
1013 2130 1056 2165 36.
1081 2126 1213 2156 Romu..

393 2171 418 2199 el
441 2170 574 2199 Hawroo
586 2179 609 2198 r.
631 2171 699 2200 Nat.
721 2171 784 2199 Cur.
805 2172 872 2199 Dec.
891 2171 931 2200 II.
950 2179 1019 2198 ann.
1039 2178 1058 2197 1.
1079 2166 1136 2196 obs.
1151 2169 1198 2195 60.
1222 2166 1352 2204 crocolog.
1372 2175 1400 2202 p.
1424 2169 1490 2198 280·

387 2209 426 2248 s)
449 2209 492 2240 LA
516 2210 673 2240 Counva’e
696 2219 721 2246 p.
743 2219 806 2244 15¹·
835 2209 987 2239 HosMAN.
1002 2210 1065 2238 idea
1079 2208 1183 2245 patho).
1204 2215 1231 2242 p.
1248 2216 1311 2235 ιιο.
1335 2205 1475 2235 ΤΛυνκΥ
1493 2215 1521 2243 p.
1543 2208 1598 2241 156
1633 2205 1905 2236 Sammorthodox.

351 2251 425 2288 hipp.
442 2261 467 2288 p.
485 2259 526 2279 12.
560 2250 593 2280 R.
609 2260 647 2280 nu
663 2249 785 2279 cnm.
799 2259 826 2288 p.
841 2255 908 2284 281.
935 2249 1122 2280 Virunum.
1135 2247 1166 2279 L.
1179 2246 1214 2286 ῌ.
1229 2256 1257 2285 p.
1271 2249 1338 2282 462.
1362 2246 1561 2276 Romame
1574 2245 1691 2285 praeled.
1716 2244 1751 2276 T.
1771 2245 1804 2276 V.
1830 2245 1858 2277 P.
1870 2245 1906 2277 11.

350 2300 380 2330 p.
403 2295 466 2327 346.
492 2290 654 2321 caassous
671 2292 807 2328 degener.
823 2299 849 2327 p.
863 2299 907 2328 33.
983 2293 987 2298 ⁴

392 2334 425 2370 g>
448 2331 588 2361 RxorAn.
609 2342 638 2369 p.
656 2337 720 2369 388.

389 2382 674 2421 a)H11›1›0ci³mss
697 2386 766 2420 περι
784 2386 924 2419 σαρκῶν·
948 2391 976 2412 n.
1005 2387 1031 2416 8.
1061 2382 1088 2412 δε
1115 2381 1257 2412 Βιοειη
1283 2404 1292 2417 ‚
1323 2381 1539 2412 Dmocmrus
1568 2379 1646 2417 apud
1674 2379 1904 2411 humo-cuma

349 2420 447 2457 placit.
456 2424 525 2461 phil.
542 2423 573 2454 L.
586 2423 617 2451 V.
636 2432 660 2453 c.
679 2425 723 2453 16.
748 2422 814 2452 add.
831 2422 969 2455 ΗιΡΡοΝ.
986 2424 1014 2453 δι
1030 2422 1198 2453 Dmsmns
1212 2423 1289 2462 apud
1302 2422 1520 2454 causoamuu
1539 2430 1564 2452 c.
1582 2423 1610 2452 6.
1944 2423 1948 2428 “
