1955 2732
426 120 695 159 SECTIV.
759 122 965 162 VITA
1022 120 1301 166 FETUS.
1556 140 1630 174 331

87 228 125 265 Sc
156 226 201 264 de
225 227 267 263 iis
290 227 380 264 nihil
401 227 438 264 in
456 227 580 265 adulto
598 226 748 265 homine
767 228 922 278 superest
937 259 947 273 ‚
975 239 1103 281 praeter
1130 239 1278 271 tenuem
1302 233 1453 272 crustam
1467 231 1504 278 r)
1521 263 1530 277 ‚
1550 247 1636 285 =quae

86 295 128 321 os
156 282 242 319 finit.

198 363 337 412 Aliquae
373 362 519 412 possunt
557 362 726 401 offescere
747 393 757 407 .
791 378 858 403 nec
883 374 1004 405 tamen
1033 368 1097 405 nifi
1127 381 1208 407 raro
1247 368 1425 408 offescunt
1456 397 1466 412 ,
1498 376 1539 406 ut
1573 383 1636 408 co-

87 419 219 456 starum
247 419 472 467 cartilagines
491 417 531 469 s)
547 447 557 462 ‚
593 421 630 456 &
650 420 808 470 laryngis
825 426 856 465 t)
872 450 881 464 ‚
916 424 952 459 δε
978 427 1247 468 vertebrarum,
1274 425 1328 463 hae
1351 426 1555 474 ligamentis
1576 426 1636 464 ad-

83 475 232 512 finiores
253 474 306 518 v).

198 554 309 592 Nunc
339 554 364 590 fi
393 566 552 603 quaeras,
575 563 616 593 ut
634 555 715 604 ipsae
738 556 923 595 nascantur
940 586 950 600 ,
982 566 1024 596 ut
1052 559 1200 597 viciffim
1228 561 1479 604 destruantur,
1513 562 1636 599 credas

85 610 332 659 cartilaginem
357 610 450 647 nasci
477 611 660 659 a·glutine
689 611 894 661 inspiffiico,
927 615 965 651 in
1001 616 1102 664 quod
1134 618 1322 654 manifesto
1351 618 1570 663 resolvitur3
1602 619 1638 655 δε

85 667 124 703 in
150 666 188 703 id
211 667 338 714 gluten
363 666 545 703 modic-am
573 669 783 715 portionem
818 669 972 707 calcariee
1007 673 1169 709 materiei
1200 672 1338 722 deponi
1366 673 1555 722 probabile
1585 674 1633 712 fir„

85 721 175 759 Inde
200 722 335 759 multus
368 723 502 759 humor
531 724 795 772 cartilaginem
831 732 992 763 naturam
1029 728 1241 771 conservat,
1275 730 1338 767 ubi
1368 730 1515 766 deberet
1546 729 1640 768 ossea

85 778 243 815 subnasci
262 781 313 821 x).
373 777 471 815 Hinc
491 779 665 817 humec'tae
684 781 932 829 cartilagines,
966 795 1045 832 quae
1063 783 1135 821 offa
1159 784 1271 833 longa
1296 785 1446 828 finiunt,
1471 797 1548 823 non
1568 786 1639 823 val-

83 834 130 871 de
157 833 334 875 oisescunt
353 862 361 876 ,
395 846 513 882 neque
535 836 775 883 epiglottisy)
799 838 1006 887 frequenter
1031 841 1069 876 in
1091 853 1132 877 os
1160 852 1287 878 verum
1314 841 1516 890 degenerat.

198 915 304 952 Nasci
326 923 430 963 putes
460 916 548 953 vitio
569 944 578 958 ‚
610 917 757 965 quando
783 918 1021 957 inflammatio
1046 922 1082 957 in
1107 923 1338 964 membrana,
1378 930 1439 959 aut
1461 924 1498 959 in
1523 922 1640 959 tendi-

85 982 132 1007 ne
154 979 235 1008 nata
261 971 335 1012 est,
369 978 409 1008 ut
432 971 557 1019 gluten
585 972 761 1015 exsudet,
795 975 899 1023 quale
930 977 1086 1014 vidimus
1116 989 1161 1015 ex
1186 976 1401 1014 inflammata
1426 978 1548 1026 pleura
1573 978 1637 1022 z),

86 1035 148 1063 aut
173 1039 218 1064 ex
245 1027 446 1075 pericardio
467 1027 503 1070 a)
531 1028 711 1065 exsudare.
752 1030 835 1077 Ejus
865 1031 1013 1078 glutinis
1036 1035 1196 1081 repetita?
1218 1034 1358 1071 laminae
1384 1034 1540 1084 denique
1564 1047 1640 1071 car-

86 1082 274 1130 tilaginem
296 1083 410 1119 faeere
436 1083 610 1121 videntur.
660 1083 752 1121 Lien
778 1087 927 1124 callosus
943 1115 953 1130 ,
987 1100 1058 1137 qua
1081 1096 1182 1137 parte
1208 1089 1343 1126 costam
1377 1089 1544 1128 ultimam
1578 1091 1641 1128 ad-

87 1141 196 1186 tingit
212 1137 272 1182 h),
298 1141 336 1174 in
364 1139 611 1187 cartilaginem
636 1141 732 1177 abiit.

201 1217 318 1255 Etiam
343 1218 438 1256 solus
463 1219 586 1257 succus
608 1220 737 1257 effusus
762 1222 1011 1271 cartilaginem
1033 1231 1181 1272 generat
1200 1253 1210 1267 ,
1244 1232 1286 1262 ut
1310 1227 1345 1262 in
1364 1225 1530 1263 cellulosa
1556 1226 1635 1269 tela,

88 1274 222 1323 pleurae
250 1274 534 1319 circumsutae),
568 1278 605 1312 in
628 1279 763 1314 arteriis
786 1281 936 1326 magnis.
999 1284 1029 1317 A
1051 1282 1138 1319 bolo
1154 1309 1164 1324 ‚
1198 1282 1235 1318 ὃς
1262 1282 1306 1318 ab
1336 1281 1638 1330 adstringentibus

90 1333 361 1368 medicamentis
382 1331 555 1380 ancylofis
576 1332 631 1382 d).

204 1411 461 1460 Cartilaginem
483 1414 521 1449 in
537 1402 583 1450 Vos
599 1414 696 1450 abire
720 1414 883 1457 videtur,
904 1415 1051 1464 quando
1073 1417 1220 1454 uberior
1239 1419 1362 1466 portio
1387 1417 1543 1454 calcariae
1564 1430 1639 1455 ma-

88 1468 193 1506 teriei
219 1469 257 1504 in
284 1468 432 1516 spatiola
460 1468 556 1505 fibris
582 1470 763 1517 interjecta
784 1470 980 1519 deponitur
999 1471 1032 1514 e)
1049 1500 1058 1514 ‚
1093 1474 1128 1509 ἃ.
1157 1485 1242 1510 cum
1266 1475 1307 1510 iis
1335 1474 1511 1511 coalescit.

202 1548 244 1586 Id
269 1548 308 1586 fit
334 1557 395 1586 aut
418 1548 610 1598 simplicius
628 1579 636 1591 ‚
671 1563 714 1587 ex
740 1552 814 1599 ejus
850 1551 954 1589 calcis
985 1553 1201 1590 abundantia
1222 1582 1231 1596 ,
1265 1562 1306 1591 ut
1330 1555 1365 1590 in
1387 1556 1565 1592 costarum
1589 1553 1638 1591 se-

89 1605 219 1642 nilium
247 1606 476 1652 cartilagine,
510 1607 546 1641 &
569 1608 606 1642 in
631 1607 753 1644 senum
776 1607 950 1655 larynge3
982 1616 1044 1644 aut
1075 1621 1094 1645 a
1120 1610 1272 1646 dilatatis
1300 1610 1384 1646 valis
1402 1638 1411 1652 ,
1443 1611 1487 1646 ad
1512 1612 1639 1648 intima

90 1660 340 1709 cartilaginum
355 1662 624 1709 penetrantibus
635 1660 701 1710 f),
727 1671 768 1699 ut
784 1675 834 1704 ea,
856 1676 934 1712 quae
961 1671 1108 1701 tenuem
1130 1668 1315 1702 materiam
1334 1668 1635 1708 transmittebant,

90 1729 190 1754 nunc
210 1718 320 1754 rubro
341 1716 503 1765 sanguini
517 1717 562 1764 g)
587 1726 751 1766 pateant,
776 1719 811 1755 &
833 1731 877 1756 ex
896 1719 1022 1756 eadem
1044 1720 1143 1757 causa
1163 1723 1271 1757 etiam
1294 1722 1480 1759 calcariam
1504 1730 1636 1759 terram

90 1773 290 1809 admittant.
350 1773 404 1810 lta
426 1772 467 1810 fit
490 1775 529 1810 in
551 1774 819 1823 cartilaginibus
837 1803 847 1818 ‚
882 1787 961 1824 quae
982 1776 1178 1814 secundum
1200 1786 1363 1815 naturam
1392 1777 1578 1816 offescunt.

901 1838 934 1875 T
954 1848 968 1876 t
996 1849 1016 1875 2
1532 1840 1639 1878 Simi-

129 1887 161 1922 r]
185 1897 212 1924 p.
233 1896 299 1922 3¹3-

129 1928 157 1963 s]
182 1928 208 1957 L.
226 1927 298 1957 VlH.
319 1937 344 1964 p.
362 1931 388 1958 6.

132 1967 161 2001 t]
184 1968 213 1997 L.
229 1967 277 1997 ix.
295 1978 312 2004 p
339 1973 403 2003 369·

131 2007 165 2041 v]
187 2007 220 2036 In
233 2009 370 2043 jumentis
388 2008 553 2046 frequenter
575 2008 696 2040 Momm
712 2019 739 2047 p.
762 2020 806 2047 3²·
832 2010 883 2041 Ed.
895 2011 931 2041 V.

131 2047 166 2082 x]
191 2047 211 2076 L
232 2048 329 2078 XXX.
355 2059 381 2085 p.
399 2060 442 2083 ςι.
465 2050 671 2081 Duvizxwvl
695 2061 722 2089 p.
739 2061 802 2089 359.

125 2087 164 2124 y]
186 2087 339 2124 Nunquam
360 2088 478 2119 Momm
493 2100 522 2128 p.
539 2100 582 2126 52·
596 2091 662 2121 ibid.

134 2127 168 2161 2]
191 2127 220 2156 L.
239 2127 306 2157 Vlil.
326 2138 350 2165 p.
375 2138 435 2164 ¹29-

133 2167 167 2201 ιι]
192 2167 211 2196 L
237 2167 282 2197 IV.
299 2178 325 2205 p.
343 2173 406 2202 286.
426 2168 483 2206 sqq.
737 2167 771 2200 0

131 2207 165 2241 h]
189 2209 270 2236 sivi:
283 2218 349 2236 rsN.
364 2208 382 2237 l.
398 2218 424 2245 p,
444 2215 505 2246 157.

81 2275 85 2291 (
130 2247 160 2282 c]
189 2246 286 2286 021an
300 2249 403 2285 pnti'w'.
419 2249 478 2278 obs.
490 2255 535 2284 1:38.
558 2252 665 2286 Journ.
684 2252 717 2280 de
733 2252 816 2282 fi'Ierl.
835 2260 919 2289 1757.
939 2261 1020 2282 mars.

80 2292 81 2295 ’
133 2288 168 2322 d]
194 2288 336 2317 thnffi.
360 2300 427 2318 miz.
447 2292 496 2318 der
510 2298 590 2322 maret,

133 2327 161 2361 e]
187 2328 275 2357 Etiam
296 2328 490 2358 Fomassoux
511 2341 539 2366 p.
557 2340 604 2364 44.
619 2340 666 2364 45.

129 2366 172 2441 f}
190 2368 317 2437 ¹igionem
335 2368 386 2400 Ed.
401 2369 432 2402 V,
452 2380 480 2407 p.
498 2379 541 2407 53.
566 2371 642 2402 conf.
657 2381 684 2408 p.
702 2380 767 2408 314.

131 2417 151 2445 g
189 2418 226 2436 1.
