1955 2732
319 156 403 192 144
793 139 824 180 A
885 133 1027 180 πυ
1087 136 1216 178 ΓΝ
1275 139 1316 179 D
1376 136 1418 177 A.

375 237 414 277 P.
436 245 450 273 1
464 240 484 281 8
491 236 533 282 9Ῑ
564 235 751 287 Negatnm
767 236 838 279 est,
873 234 1113 274 anastomoses
1130 235 1177 273 de
1198 234 1378 273 celeritate
1396 232 1596 285 quidquam
1613 231 1779 280 demere,
1809 246 1896 275 cum

316 295 471 349 globuli*
489 296 621 335 elastici
643 296 720 335 fint.
786 295 928 334 Verum
954 298 982 333 is
1011 295 1121 332 elater
1149 295 1318 332 nondum
1347 293 1612 332 demonstratus
1642 295 1701 334 est.

380 358 416 396 P.
442 362 530 402 196.
579 356 771 406 Sanguinis
791 355 896 393 saltus
923 366 1039 403 nuper
1067 355 1212 403 repetiit
1238 353 1292 393 Cl.
1326 351 1388 391 Fir
1408 365 1593 391 arnor
1611 381 1620 397 ‚
1661 354 1726 392 nifi
1757 365 1797 392 ea
1815 367 1897 393 om-

317 417 378 456 nia
405 415 450 454 ad
486 417 560 453 Fr.v
576 416 620 454 de
651 415 743 454 Siu
759 428 781 452 v
799 428 819 451 A
835 427 860 453 G
876 427 926 452 sss
960 415 1143 463 pertinent
1164 441 1174 456 ,
1207 416 1245 451 in
1273 411 1346 450 diff.
1391 413 1430 449 de
1455 412 1562 450 vir-ib.
1598 413 1737 451 vitalzh.
1787 411 1897 453 Hori-

317 476 504 514 zontalem
536 475 756 512 celeritatem
780 475 818 512 in
846 473 1006 512 secundo
1028 465 1287 510 minuto'facit
1312 474 1386 509 20'.
1419 477 1484 513 85.
1520 473 1556 510 in
1589 472 1709 510 cordis
1741 472 1897 522 systole,

317 537 356 574 in
383 534 504 573 cordis
532 533 679 572 diastole
701 549 767 567 ==
790 531 835 570 2¹.
877 540 938 579 58.
971 533 1008 571 &
1030 533 1074 571 de
1109 533 1271 570 carotide
1303 531 1515 581 sanguinem
1556 531 1656 569 addit
1694 531 1741 569 ad
1771 535 1819 578 7⁹.
1850 530 1901 569 sa-

315 595 426 633 salire.

376 656 411 694 P.
446 665 538 692 201.
606 652 663 692 Ad
691 653 767 692 vim
796 653 978 703 ponderis.
1022 651 1148 691 Morbi
1168 653 1351 702 puerperii
1376 651 1469 689 fiunt
1498 651 1571 689 fere
1605 663 1625 688 a
1659 651 1830 700 sanguine
1860 652 1900 689 in

315 715 501 754 abdomen
530 713 564 751 se
594 713 829 761 demergente
846 743 855 756 ,
889 713 954 750 nifi
975 713 1126 762 cingulo
1150 713 1363 751 sustentetur
1389 711 1416 750 B
1431 723 1560 749 oERn
1575 723 1630 748 ΑΛ
1649 723 1708 758 viz
1746 711 1897 748 Praelecl.

317 788 353 814 n.
374 779 468 817 686.
535 769 698 820 Quando
725 785 825 822 aquae
852 772 1065 822 hydropicae
1093 772 1228 810 eductae
1266 772 1371 814 lunt,
1406 778 1496 809 tunc
1513 783 1532 808 a
1556 769 1729 808 subtraoa
1755 769 1901 820 prestio.-

317 847 364 872 ne
399 828 540 882 sanguis
583 835 621 871 in
661 841 802 870 aortam
835 832 1043 870 inferiorem
1079 833 1216 869 irruens
1256 832 1341 868 facit
1385 830 1587 879 periculum
1631 829 1900 878 paracentefeos

316 892 450 931 Livii
468 905 526 930 EN
541 904 594 930 cn
620 892 717 941 hydr.
737 903 771 941 p.
802 903 891 936 ¹25-
914 890 1015 941 quod
1031 891 1236 939 periculum
1259 889 1435 939 preffione
1453 891 1611 927 evitatur.
1624 887 1670 927 G.
1693 902 1726 927 v.
1751 888 1903 927 Swrz-

318 964 413 990 TEN
439 949 501 989 lV.
525 963 558 1000 p.
587 961 680 996 241.
718 951 875 990 Pisrr
900 953 936 987 in
954 953 1075 997 aphor.
1099 962 1134 999 p.
1162 956 1253 992 168.
1296 948 1352 987 Ex
1372 950 1546 987 decubitu
1560 950 1597 985 in
1620 948 1810 986 brachium
1828 947 1904 986 hoc

319 1010 502 1053 insensile,
533 1011 570 1048 &
597 1010 878 1059 gangraenosum
905 1008 973 1048 HE
991 1020 1122 1047 usam
1141 1022 1199 1047 AN
1240 1009 1346 1056 Oper.
1381 1010 1478 1046 Chir.
1503 1011 1534 1046 l.
1569 1020 1604 1057 p.
1637 1013 1698 1052 36.
1749 1009 1779 1046 A
1801 1019 1904 1048 venae

319 1072 476 1110 sectione
501 1070 603 1120 pedis
638 1069 776 1109 subitus
805 1070 932 1108 icterus
962 1067 1268 1107 Bau-ramim
1295 1065 1409 1106 lllc‘m.
1437 1069 1477 1105 de
1508 1067 1604 1104 Chz'r.
1627 1066 1719 1104 ΙΙΙ.
1747 1079 1783 1116 p.
1803 1073 1900 1113 498.

378 1129 416 1169 P.
441 1135 536 1167 206.
572 1128 721 1173 Liceat,
756 1141 840 1167 cum
873 1128 964 1178 saepe
997 1128 1090 1166 male
1111 1141 1216 1171 eam,
1251 1130 1359 1165 etiam
1386 1127 1441 1166 Cl.
1469 1127 1559 1170 viri,
1594 1128 1901 1176 interpretentur,

317 1198 484 1229 mentem
505 1201 626 1226 meam
651 1189 695 1227 de
723 1191 760 1226 vi
786 1188 987 1227 contraGtili
1014 1191 1223 1226 arteriarum
1250 1199 1447 1237 exponere.

376 1249 403 1288 1.
454 1249 687 1288 Contrahunt
719 1248 753 1286 se
783 1251 818 1287 vi
850 1258 1005 1287 mortua.
1044 1246 1101 1288 lta
1128 1250 1166 1286 in
1191 1247 1363 1287 cadavere
1390 1249 1516 1286 arteria
1556 1246 1736 1285 foramine
1763 1245 1904 1296 pertusa

317 1321 440 1349 ceram
470 1308 660 1347 vermiculi
685 1307 803 1358 specie
829 1320 892 1357 per
917 1308 954 1346 id
977 1309 1143 1347 foramen
1166 1314 1282 1357 urget.
1336 1305 1421 1346 Huc
1448 1307 1566 1345 refero
1602 1307 1868 1345 contractiones
1888 1334 1899 1349 ‚

319 1382 407 1420 quas
439 1381 579 1406 venena
611 1370 782 1406 acerrima
809 1368 997 1412 chemica,
1032 1368 1096 1406 diu
1119 1381 1138 1406 a
1168 1374 1288 1406 morte
1311 1369 1480 1408 excitant.
1515 1365 1601 1405 Huc
1624 1365 1775 1404 effatum
1809 1365 1908 1415 int-f

319 1429 557 1468 Campam
575 1455 584 1469 ‚
619 1429 762 1464 arterias
788 1427 998 1474 sanguinem
1033 1440 1231 1474 reprimere
1251 1426 1374 1473 fascic.
1412 1428 1438 1464 l.
1475 1438 1511 1473 p.
1540 1436 1602 1472 14.

381 1499 417 1524 2.
453 1485 503 1523 Vi
532 1485 650 1527 insita,
686 1485 775 1522 dum
806 1497 845 1521 ea
880 1497 898 1521 a
932 1483 1185 1533 potentissimis
1218 1484 1368 1522 stimulis
1402 1486 1605 1525 excitetur,
1640 1478 1722 1523 uta
1753 1482 1906 1522 scintilla¹

319 1547 500 1587 electam,
536 1557 621 1581 cum
654 1543 712 1580 alii
741 1543 873 1580 stimuli
901 1544 1044 1581 nullum
1079 1545 1118 1579 in
1146 1545 1218 1579 vivi
1250 1542 1413 1580 animalis
1447 1549 1549 1579 aorta
1573 1550 1718 1580 motum
1748 1545 1906 1581 excitare

321 1606 481 1645 valeant:
516 1602 624 1640 debili
652 1601 743 1638 adeo
771 1601 807 1638 &
842 1602 946 1649 pigra
963 1628 974 1644 ,
1009 1601 1046 1638 &
1076 1612 1157 1650 quae
1185 1599 1227 1638 fit
1256 1602 1293 1638 in
1319 1602 1459 1639 ratione
1491 1600 1661 1639 fibrarum
1679 1613 1901 1640 carnearum.

319 1656 321 1658 ’
385 1675 419 1709 3.
455 1662 507 1701 Vi
527 1662 621 1699 forte
642 1659 793 1698 nervosa
823 1659 948 1711 aliqua.
986 1658 1073 1699 Eam
1092 1671 1170 1701 uon
1189 1660 1456 1709 repudiaverim
1475 1688 1486 1703 ‚
1521 1672 1606 1698 cum
1624 1669 1722 1698 certe
1748 1662 1905 1710 majores

322 1725 459 1764 arteriae
491 1720 691 1759 manifestas
711 1719 815 1757 fibras
842 1721 966 1758 rubras
985 1719 1161 1761 habeant,
1197 1719 1234 1756 Sc
1265 1731 1311 1758 eo
1339 1732 1470 1758 nervos
1490 1721 1678 1768 pervenire
1695 1720 1800 1758 valde
1817 1732 1905 1770 pro-

323 1783 443 1823 babile
464 1781 532 1828 fit;
565 1782 601 1817 &
621 1791 706 1818 cum
727 1778 849 1817 nullus
881 1778 1065 1817 musculus
1087 1779 1124 1817 vi
1141 1779 1291 1818 nervosa
1311 1788 1438 1817 careat.
1474 1779 1545 1819 Sed
1566 1781 1674 1817 etiam
1699 1779 1801 1818 istam
1830 1781 1906 1818 vim

322 1856 370 1883 ex
395 1839 617 1892 pigrioribus
654 1836 722 1876 effe
752 1837 919 1887 adparet,
954 1849 1041 1878 cum
1067 1838 1173 1876 nullo
1206 1839 1460 1888 experimento
1480 1841 1519 1877 in
1538 1840 1619 1878 viva
1637 1839 1745 1877 bestia
1772 1840 1906 1887 excita,

323 1904 356 1941 xi
374 1900 490 1952 possit.

384 1959 583 2001 Adversarii
621 1959 734 1996 nostri
762 1970 842 1996 non
873 1958 1116 1997 adtenderunt
1146 1958 1191 1996 ad
1218 1958 1351 2008 gradus
1383 1959 1572 1999 evidentiae
1605 1960 1642 1997 &
1675 1949 1907 2009 probabilita-

323 2024 379 2061 tis.
433 2021 540 2057 Certa
575 2020 629 2056 vis
654 2018 724 2060 est,
759 2018 1141 2068 quamphaenomena
1167 2018 1427 2057 demonstrant.
1463 2019 1685 2062 Probabilis,
1719 2031 1830 2069 quam
1855 2017 1904 2056 fa-

324 2082 422 2120 brica
444 2079 646 2129 promittit,
683 2075 745 2118 etfi
772 2079 1021 2128 experimenta
1053 2089 1131 2116 non
1152 2077 1366 2117 ostendunt..

383 2140 422 2179 P.
448 2149 543 2183 209.
578 2136 786 2176 Discrimen
806 2138 913 2176 saltus
944 2137 1127 2188 sanguinis
1155 2139 1194 2175 in
1222 2138 1351 2187 systole
1373 2139 1493 2178 cordis
1522 2152 1542 2178 a
1570 2138 1681 2184 saltu,
1716 2139 1780 2190 qui
1803 2136 1844 2174 fit
1862 2137 1900 2174 in

326 2198 498 2241 diastole,
533 2198 629 2240 fuit,
663 2204 704 2235 ut
729 2205 793 2243 87.
826 2205 889 2243 84.
917 2197 940 2235 s.
968 2205 1009 2236 ut
1049 2209 1113 2243 29.
1154 2203 1219 2240 28.
1253 2195 1533 2239 Faarixior.
1565 2197 1588 2238 1.
1607 2209 1637 2236 c.

320 2299 323 2302 ,
385 2259 427 2297 ln
448 2265 537 2297 nota
557 2257 580 2296 l.
606 2256 668 2296 lin.
702 2256 842 2311 penult.
876 2268 978 2308 pone
995 2265 1065 2307 pra
1087 2257 1195 2300 vita,
1229 2259 1376 2297 arteria.
1899 2308 1901 2310 q

963 2328 982 2341 ·
1743 2313 1782 2353 P.
1806 2314 1904 2355 ατοῦ
