1955 2732
333 113 413 149 300
695 116 697 118 -
808 100 905 139 ΜΒ.
927 74 1074 139 xm.
1137 100 1166 139 F
1196 100 1225 140 Ε
1255 101 1288 140 Τ
1319 101 1356 140 U
1387 102 1420 140 s,

445 209 498 248 Ut
522 208 616 246 ordo
641 208 767 258 aliquis
790 208 831 246 fit
845 236 854 251 ,
889 208 1085 247 referemus
1110 221 1239 246 omnes
1256 209 1301 246 ad
1319 207 1578 257 expansionem
1592 238 1602 253 ‚
1634 210 1679 248 ad
1698 210 1887 249 adtraffio-

332 279 419 305 nem
437 295 447 309 ‚
480 265 524 304 ad
543 264 787 314 preffionem3
818 265 969 303 demum
990 265 1033 301 ad
1056 265 1250 303 fluidarum
1279 268 1439 315 partium
1464 267 1717 304 mutationem.

447 345 686 396 Expanfionis
713 349 871 384 maxima
898 345 997 384 causa
1023 346 1095 388 est,
1128 358 1238 396 quam
1255 346 1415 384 diximus
1431 374 1440 387 ,
1473 346 1609 383 humor
1632 360 1650 384 a
1671 347 1800 390 corde,
1823 359 1889 396 per

334 406 480 443 arterias
500 431 509 446 ,
539 403 721 452 impulsus.
784 402 840 440 Ad
875 415 954 439 eam
988 403 1176 440 referimus
1202 404 1276 450 jam
1306 402 1523 451 explicatam
1551 403 1767 440 membranae
1794 404 1889 440 fetus

334 459 525 498 vasculosae
543 471 588 495 ex
617 459 754 496 tantilla
771 458 913 497 bursula
928 458 965 503 α)
981 487 990 502 ,
1018 460 1055 495 in
1075 458 1231 496 universi
1254 460 1316 496 ovi
1338 459 1571 496 involucrum
1586 487 1596 501 ‚
1619 458 1889 496 extensionem:

335 517 460 566 figurae
495 515 635 553 venosae
664 514 702 559 h>
734 515 946 564 quotidiana
975 517 1200 553 incrementa
1222 544 1232 559 ‚
1265 516 1398 565 quibus
1424 517 1538 563 magis
1565 516 1601 551 &
1628 517 1743 563 magis
1773 515 1890 552 versus

336 572 514 621 angulum
539 578 688 609 acutum
715 574 777 609 ovi
796 571 1029 609 extenditur:
1071 572 1314 609 coloratarum
1339 571 1597 620 particularum
1621 570 1861 620 inpulsionem
1877 599 1888 615 ,

339 631 376 667 δε
399 636 621 670 terrearum,
658 639 704 665 ex
732 641 803 678 qua
832 627 1018 666 ossificatio
1045 628 1205 678 sequitur
1222 657 1231 671 ,
1265 640 1375 677 quam
1396 627 1549 677 amplius
1577 634 1725 676 oportet
1752 639 1892 664 enarra-

338 698 378 723 re
398 697 408 731 3
447 692 527 722 tum
553 692 700 722 artuum
716 712 725 728 ,
760 685 825 734 qui
851 687 888 721 in
909 684 1002 734 plica
1029 687 1121 723 cutis
1144 684 1291 722 revinffiii
1316 685 1474 722 latebant
1497 682 1530 728 c)
1550 712 1559 726 ,
1594 683 1890 731 explicationem,

339 743 377 780 &
404 741 449 778 de
484 740 706 790 corpusculo
742 740 972 779 seceffionem
991 741 1031 784 d)
1064 754 1071 778 :
1113 754 1227 790 porro
1258 739 1387 779 ollium
1410 769 1420 784 ‚
1452 752 1562 790 quam
1587 741 1767 778 continuo
1795 739 1894 778 dice-

339 810 421 837 mus
434 826 444 841 ,
478 797 740 835 formationem
758 809 767 834 :
798 797 1070 836 indurationem
1088 797 1267 836 cellulosae
1283 797 1362 835 telae
1380 795 1423 842 e).

454 877 527 916 Sed
549 879 658 916 etiam
680 878 755 916 aliae
775 878 857 917 sunt
875 878 985 917 causae
1006 879 1282 928 expandentes:
1314 891 1393 916 aere
1417 879 1523 916 etiam
1549 878 1584 914 &
1603 877 1722 915 calore
1751 875 1890 914 omisso.

454 954 724 1008 Expanduntur
745 972 835 1009 ergo
865 968 984 1009 partes
1013 959 1142 998 molles
1169 973 1189 998 a
1212 959 1327 998 fluido
1357 972 1514 1010 corpore
1540 961 1577 996 in
1612 971 1667 996 eas
1698 957 1894 1008 depofitoz

342 1015 412 1056 sive
436 1027 578 1064 magnae
604 1016 766 1059 fuerint,
798 1016 869 1054 five
891 1029 1017 1067 parvae.

453 1096 685 1146 Expanditur
710 1098 934 1136 ventriculus
949 1127 959 1141 ‚
987 1097 1197 1137 intestinum
1211 1126 1220 1141 ,
1254 1098 1292 1135 δε
1311 1110 1331 1136 a
1361 1109 1481 1147 pauco
1506 1097 1591 1134 cibo
1611 1108 1742 1147 parvus
1762 1095 1811 1134 est
1818 1091 1866 1146 f)
1882 1124 1894 1138 ,

343 1166 363 1192 a
391 1153 511 1192 multo
526 1153 576 1201 g)
592 1182 602 1196 ,
634 1162 696 1191 aut
721 1155 766 1191 ab
786 1167 878 1198 aere,
908 1155 1006 1192 idem
1032 1156 1160 1203 ingens
1181 1154 1228 1192 fit.

455 1234 515 1273 Sic
538 1242 662 1273 uterus
689 1248 709 1273 a
736 1235 813 1274 fetu
834 1264 845 1279 ,
882 1236 918 1273 &
938 1249 957 1273 a
983 1235 1155 1283 sanguine
1181 1237 1359 1273 innitente
1393 1263 1404 1278 ‚
1454 1233 1503 1272 fic
1523 1234 1626 1282 penis
1656 1245 1674 1270 a
1706 1233 1899 1282 frequente

273 1295 277 1300 ’
342 1302 477 1329 venere
504 1291 707 1340 grandescit
723 1291 789 1336 h),
822 1305 840 1330 a
867 1305 942 1330 rara
967 1293 1205 1338 diminuitu13
1239 1292 1286 1330 fic
1312 1291 1403 1329 fellis
1423 1293 1461 1328 in
1481 1291 1681 1339 embryone
1704 1301 1798 1339 pene
1823 1289 1900 1326 ina-

346 1349 401 1386 nis
426 1347 581 1385 vesicula
605 1350 643 1384 in
667 1348 792 1386 adulto
817 1349 970 1387 homine
993 1349 1194 1398 elongatur.

461 1428 520 1466 Sic
547 1428 697 1466 obesitas
722 1430 767 1466 ab
790 1429 895 1479 adipe
918 1431 958 1467 in
983 1430 1126 1469 cellulas
1155 1428 1348 1479 deposito:
1378 1428 1425 1466 fic
1450 1428 1493 1464 ab
1511 1426 1642 1464 eodem
1658 1436 1901 1463 mammarum

348 1485 492 1523 femi-nae
520 1485 790 1523 incrementum
811 1486 864 1530 i):
899 1486 946 1524 fic
968 1487 1156 1536 pulmonis
1179 1498 1224 1523 ex
1254 1487 1406 1522 minima
1429 1483 1527 1520 mole
1541 1512 1550 1525 ‚
1582 1495 1647 1532 per
1669 1494 1787 1519 aerem
1813 1481 1901 1518 dila-

348 1543 468 1579 tatio:
500 1539 548 1578 fic
575 1543 681 1578 vitrei
711 1544 877 1591 corporis
903 1543 1102 1592 probabilis
1135 1555 1154 1579 a
1187 1542 1390 1591 crystallino
1422 1542 1460 1576 in
1493 1539 1636 1577 cellulas
1677 1537 1793 1575 effuso
1832 1537 1901 1575 hu-

349 1610 455 1635 more
476 1596 668 1645 expansio,
689 1600 887 1647 probabilis
903 1628 913 1642 ,
940 1601 1110 1648 inquam,
1138 1611 1257 1648 neque
1278 1599 1375 1635 enim
1401 1607 1562 1645 unquam
1579 1596 1735 1632 vitreum
1753 1606 1900 1642 corpus,

352 1653 415 1691 nifi
437 1653 636 1702 expansum
659 1654 733 1691 vidi
751 1668 758 1692 :
790 1655 837 1693 iic
855 1655 1054 1693 oculorum
1072 1657 1109 1692 in
1123 1654 1395 1703 longitudinem
1417 1653 1580 1695 eductio,
1600 1663 1679 1701 quae
1699 1662 1853 1700 myopes
1864 1648 1903 1694 k)

351 1711 457 1753 facit,
477 1722 556 1760 quae
577 1710 702 1750 eadem
723 1711 763 1749 fit
780 1725 798 1749 a
824 1714 941 1761 capite
961 1712 1168 1761 frequenter
1189 1718 1358 1749 curvato:
1378 1709 1425 1747 sic
1445 1708 1566 1747 veficae
1593 1708 1756 1747 urinariae
1779 1718 1824 1744 ex
1842 1718 1904 1756 cy-

351 1766 503 1804 lindrica
527 1766 641 1814 figura
672 1768 710 1803 in
741 1770 909 1807 conicam
925 1796 936 1812 ‚
970 1769 1007 1806 ἃ
1029 1768 1167 1806 inferne
1192 1768 1360 1806 latiorem
1382 1765 1602 1803 deformatio
1618 1793 1629 1809 ,
1661 1763 1807 1801 feminis
1836 1764 1906 1800 im-

354 1824 480 1873 primis
504 1822 688 1860 familiaris
711 1823 752 1869 l).

1697 1860 1699 1863 .
1729 1872 1904 1923 Denique

392 1936 424 1968 α)
446 1941 474 1968 Ρ·
491 1936 562 1969 287·

393 1974 425 2008 h)
447 1974 543 2002 Form.
561 1973 706 2010 dchoulet
716 1975 756 2003 II.
777 1982 793 2002 a
809 1982 838 2011 p.
856 1980 903 2008 25.
919 1973 955 2003 ad
970 1978 1015 2008 28.

354 2053 381 2085 T
393 2013 429 2083 cl)I
445 2012 531 2042 Conf.
544 2013 572 2041 in
587 2013 746 2082 rgnunculo
759 2014 998 2045 SWAMMERDAM
1013 2015 1079 2045 hihi.
1097 2023 1125 2053 p.
1144 2017 1190 2048 8²-
1224 2011 1259 2043 In
1269 2010 1332 2042 fetu
1344 2033 1353 2048 ‚
1377 2009 1426 2048 qui
1439 2007 1590 2040 videbatur
1604 2016 1675 2046 apns
1691 2027 1699 2042 ,
1720 2005 1904 2038 VAusmn

382 2079 390 2086 .
432 2077 439 2083 .
458 2063 482 2082 c.
497 2062 541 2089 17.
554 2063 573 2081 n
617 2076 623 2083 .

394 2095 426 2129 d)
449 2093 525 2123 Hora
541 2099 587 2129 83.
604 2093 662 2123 obs.
681 2102 725 2130 ςς.
743 2103 771 2131 p.
790 2102 855 2133 132.
871 2095 927 2125 δίο,

395 2135 423 2171 e)
443 2133 475 2164 L.
489 2133 589 2165 XXX.
605 2143 631 2172 p.
649 2139 696 2168 68.
711 2133 768 2172 sqq.

390 2174 430 2213 s)
456 2173 580 2204 L.X1X.
596 2184 625 2212 p.
640 2184 790 2213 123.274.

393 2216 425 2252 g)
448 2214 516 2244 ibid.
533 2224 560 2252 p.
584 2224 647 2251 ¹23·

491 2254 613 2284 XXVII.
629 2265 656 2293 p.
676 2264 740 2293 552.

505 2294 623 2325 XVIII.
641 2305 669 2333 p.
691 2306 717 2331 ς.

529 2335 572 2365 VI.
589 2345 615 2373 p.
625 2345 694 2373 497.

526 2374 602 2405 XVI.
618 2386 644 2413 p.
661 2385 725 2414 307·

395 2256 427 2289 h)
450 2255 480 2284 L.

396 2307 404 2324 ι
443 2294 474 2324 L.

396 2335 428 2372 k)
453 2335 524 2364 L.X

403 2376 432 2411 l)
451 2374 523 2405 LX
