1955 2732
305 161 361 208 ag
501 157 623 197 Lm.
658 152 809 196 XXX.
875 152 1026 195 vim
1072 152 1348 210 HUMANA
1393 151 1468 194 ET
1518 154 1701 197 MORS.

297 256 390 293 ferre
415 253 645 292 manifestum
665 282 675 297 ‚
708 259 751 292 ut
775 263 926 290 manum
954 250 986 289 C
999 264 1022 289 R
1036 263 1056 289 E
1076 262 1098 288 A
1112 263 1173 289 'ro
1187 263 1209 288 R
1224 263 1236 287 1
1251 263 1266 288 s
1297 249 1519 299 adgnoscat3
1551 262 1627 300 quo
1649 263 1736 290 vero
1756 252 1901 297 homo‚¹

297 313 363 352 nifi
382 313 532 356 incisor,
556 326 634 351 non
659 319 847 363 penetret,
882 323 921 348 ea
945 310 1025 348 sede
1052 310 1155 353 alias,
1190 322 1300 360 quam
1322 309 1556 360 symmetriae,
1577 310 1674 359 leges
1699 311 1731 350 A
1746 324 1764 349 υ
1780 325 1800 350 c
1814 325 1890 351 To-

304 385 402 411 REM
435 372 655 412 NATURA-2
687 371 755 410 effe
785 371 958 409 secutum.

863 532 1192 587 §acrio
1255 547 1325 586 11.

787 658 911 697 Status
937 655 1105 695 Hominis
1137 656 1183 702 Ec?
1204 657 1382 696 Nati-itio.

775 780 807 822 ἓ.
844 776 870 815 l.
937 775 1114 814 Hmnores
1145 775 1395 826 dzsperduntur,

450 958 514 995 per
537 946 613 993 ejus
631 945 886 983 conditionem
907 945 1012 986 licet,
1048 944 1084 981 &
1103 943 1371 994 perfecliffimus
1391 945 1461 989 est,
1486 945 1523 982 ὃς
1539 944 1768 984 felicissimus.
1807 948 1878 986 Ge-

289 1016 358 1042 nus
388 1017 564 1042 nerveum
597 1004 704 1043 sentit
729 1006 855 1042 acriter
875 1032 884 1046 ,
921 1002 1164 1041 musculosum
1187 1003 1300 1053 pleno
1328 1005 1464 1041 robore
1496 1004 1657 1054 gaudet,
1695 1007 1731 1043 ἃ,
1760 1006 1877 1045 homo

289 1063 326 1100 ἃ
354 1063 525 1102 defiderIa
553 1065 727 1114 percipit,
765 1065 802 1102 &
827 1063 872 1100 ad
904 1062 1098 1101 fecundam
1128 1075 1296 1100 venerem
1325 1071 1429 1113 aptus
1459 1063 1517 1101 est.

348 1123 532 1161 Memoria
553 1123 722 1161 nondum
744 1122 892 1161 evanida
906 1151 916 1165 ,
951 1123 1161 1172 ingenium,
1196 1135 1306 1172 quam
1329 1134 1511 1172 unquam,
1547 1135 1646 1161 nunc
1665 1125 1792 1164 melius
1815 1125 1872 1164 est.

286 1182 385 1219 Nam
423 1184 460 1220 &
498 1183 631 1232 species
663 1195 786 1220 rerum
815 1181 955 1220 sensum
988 1181 1041 1220 sui
1077 1181 1302 1231 profundum
1335 1183 1373 1219 in
1410 1181 1570 1220 sensilem
1607 1183 1758 1233 pulpam
1796 1197 1877 1222 ner-

286 1253 390 1278 veam
418 1244 663 1292 imprimunt,
717 1243 753 1279 &
787 1241 946 1279 celeritas
980 1241 1076 1278 adest
1097 1269 1106 1284 ,
1141 1253 1210 1291 qua
1240 1243 1438 1279 notionum
1477 1241 1619 1279 diversae
1653 1251 1771 1292 partes
1810 1243 1874 1282 fibi,

284 1300 409 1350 rapide
446 1301 658 1344 succedant,
688 1309 730 1340 ut
765 1313 823 1339 eas
859 1300 990 1350 absque
1021 1313 1125 1338 mora
1150 1301 1390 1349 repraesentari
1417 1300 1555 1338 necesse
1589 1301 1629 1338 fit
1648 1330 1657 1345 ,
1693 1314 1771 1351 quae
1792 1302 1873 1340 sunt:

284 1361 378 1398 inter
412 1360 446 1398 se
477 1361 617 1399 similes.
678 1360 749 1399 Sed
773 1362 807 1398 δε
833 1360 905 1409 ipsa
929 1360 1048 1398 laetitia
1065 1361 1176 1397 animi
1205 1360 1269 1397 fibi
1293 1362 1331 1398 in
1360 1372 1482 1398 rerum
1503 1363 1726 1398 ornamentis
1753 1362 1873 1411 placet

282 1420 324 1456 ¹&
351 1421 386 1456 in
408 1420 705 1468 pulchritudine,
741 1421 778 1456 &
804 1421 842 1456 in
873 1419 999 1456 vividis
1025 1420 1272 1468 imaginibus3
1306 1419 1463 1469 denique
1490 1421 1528 1457 in
1558 1432 1681 1458 earum
1702 1421 1872 1459 uniendis

284 1477 648 1521 dissimihtudinibus,
679 1479 733 1516 uti
753 1477 915 1515 severitas
941 1476 1027 1514 senii
1055 1477 1100 1514 ad
1117 1476 1349 1514 discernenda
1376 1490 1416 1515 ea
1436 1484 1563 1526 aptum
1584 1479 1652 1521 est,
1687 1491 1766 1528 qua:
1791 1480 1872 1518 sunt

283 1535 468 1574 difliznilia.
518 1537 642 1582 Qiare
664 1537 827 1586 plerique
848 1535 968 1574 Poetae
993 1537 1036 1574 ab
1061 1538 1162 1573 annis
1186 1537 1360 1584 juventae‚
1392 1536 1434 1573 ad
1452 1537 1607 1585 primam
1628 1538 1768 1575 virilem
1788 1547 1869 1576 :eta-

282 1603 377 1637 tem,
407 1608 519 1644 opera
544 1596 602 1633 sua
625 1594 870 1644 gratiofiffima
896 1594 1203 1644 composuerunt,
1231 1607 1350 1643 neque
1374 1593 1676 1633 VIRGlLiAN
1693 1608 1715 1633 Λ
1739 1597 1865 1635 AEneis

282 1653 553 1703 Georgicorum
578 1654 839 1704 perfectionem
856 1653 1007 1703 adtigit,
1034 1665 1154 1704 neque
1184 1653 1257 1692 uua
1284 1653 1379 1692 Por
1395 1665 1435 1691 11
1461 1654 1578 1692 senilis
1596 1654 1707 1706 satyra
1729 1658 1862 1706 gratias

279 1716 377 1761 rupti
405 1716 557 1751 cincimn'
585 1713 858 1764 reprcesentavit.

338 1771 384 1810 Et
409 1780 529 1811 tamen
560 1774 633 1821 jam
665 1781 776 1815 tunc,
822 1774 859 1809 in
886 1772 1135 1821 pulcherrimo
1163 1773 1227 1810 illo
1251 1774 1345 1811 aetati
1371 1772 1482 1815 flore,
1513 1772 1634 1811 semen
1651 1774 1745 1812 adest
1763 1774 1861 1819 senii,

278 1831 458 1881 ipsiusque
489 1833 617 1870 mortis
636 1859 645 1874 ,
679 1844 757 1882 quse
783 1831 930 1868 seminia
957 1831 1083 1868 senfirn
1111 1832 1391 1874 convalescunt,
1427 1833 1549 1881 quoad
1576 1832 1657 1871 suos
1694 1834 1774 1883 post
1802 1847 1863 1872 an-

277 1903 346 1928 nos
377 1891 608 1929 tristiffimum
635 1890 739 1929 illum
759 1890 913 1929 frustum
936 1898 1126 1929 maturent.
1169 1891 1265 1928 Nam
1295 1893 1332 1928 in
1358 1892 1434 1940 ipso
1462 1893 1593 1939 juvene
1617 1893 1729 1930 multa
1758 1896 1860 1930 amir-

277 1957 402 1988 runtur
433 1951 610 1988 elementa
635 1952 800 2000 corporis
826 1951 957 2000 prioris
977 1979 987 1993 ,
1017 1962 1095 2000 quae
1127 1952 1231 1987 novis
1252 1950 1460 1988 staminibus
1481 1950 1599 1988 sarciri
1620 1950 1758 1989 neceffe
1788 1953 1857 1990 est:
1888 1971 1894 1978 ι

278 2010 314 2045 ὃς
348 2010 530 2047 iuduratio
559 2010 712 2048 uuir-ersi
743 2011 909 2059 corporis
930 2038 939 2052 ,
975 2021 1054 2059 quae
1085 2021 1204 2059 neque
1233 2010 1277 2046 ab
1309 2009 1457 2046 infantia
1483 2011 1618 2053 abfuit,
1653 2011 1859 2050 clanculum

275 2071 394 2117 pergit
412 2081 455 2106 co
483 2069 631 2107 tendere
647 2097 656 2113 ‚
692 2077 731 2108 ut
758 2068 875 2108 homo
902 2076 994 2107 terra
1021 2068 1101 2111 fiat,
1136 2081 1245 2119 quem
1270 2070 1308 2105 in
1334 2076 1465 2106 terram
1495 2081 1639 2119 aequum
1665 2069 1707 2107 sit
1727 2071 1852 2108 redire.

276 2126 316 2164 in
350 2140 387 2165 ea
415 2141 513 2166 nuuc
538 2129 677 2178 duplici
709 2128 1023 2177 contemplatione
1045 2127 1261 2165 versabimur
1281 2157 1290 2170 ‚
1323 2140 1475 2177 quarum
1502 2130 1656 2178 primam
1685 2132 1853 2167 nutritio„

277 2199 352 2223 wem
382 2200 554 2226 vocamus
571 2216 581 2230 ,
615 2187 723 2225 altera
751 2200 890 2225 nomen
913 2200 991 2225 non
1018 2187 1135 2224 habet.

333 2245 613 2286 Ostendendum
643 2247 692 2284 est
720 2255 803 2285 ante
835 2249 959 2284 omnia
976 2276 985 2289 ,
1012 2247 1191 2284 elementa
1226 2248 1393 2295 corporis
1419 2246 1566 2285 humani
1600 2246 1765 2296 disperdi.

331 2301 391 2341 De
421 2306 540 2344 fluidis
567 2306 716 2356 quidem
744 2306 926 2356 particulis
951 2305 1201 2344 humanorum
1234 2305 1422 2355 liquorum
1455 2306 1554 2344 nulla
1582 2306 1631 2342 est
1658 2306 1849 2345 dubitatio.

271 2362 365 2410 Qua:
394 2374 459 2414 per
491 2367 632 2405 arterias
665 2377 847 2416 venasque
879 2365 1002 2405 rubras
1041 2365 1268 2404 circumeunt
1288 2395 1297 2408 ,
1333 2377 1456 2404 earum
1488 2364 1652 2417 quotidie
1680 2377 1851 2415 magnam

1711 2432 1851 2474 partem

293 885 564 1008 QUando
585 887 802 924 incrementi
830 885 909 923 finis
931 897 1031 924 nunc
1059 885 1224 928 advenit,
1250 893 1338 923 tunc
1359 884 1508 935 quidem
1531 884 1669 929 homo,
1703 895 1879 937 quantum
