1955 2732
282 103 365 134 122
505 89 625 133 LIB.
659 85 806 133 XXX.
868 88 1029 132 vlTA
1066 89 1340 132 HUMANA
1379 90 1456 134 ET
1495 91 1685 136 MORS.

280 203 346 242 per
381 189 526 228 arterias
558 189 715 228 nimium
745 188 943 227 resistentes
964 190 1004 227 in
1032 200 1140 226 venas
1176 189 1193 234 (
1204 189 1253 233 h„
1283 189 1512 239 propellere,
1545 197 1587 229 ut
1618 191 1725 230 etiam
1754 191 1868 231 inca]-

285 251 414 289 davere
449 250 488 287 in
514 251 657 287 arterias
679 249 873 298 congestus
910 250 928 296 (
940 251 992 284 h*
1057 250 1257 298 reperiatur
1275 277 1286 292 ,
1321 251 1360 288 in
1391 253 1491 289 venis
1511 252 1676 300 parcior,
1709 262 1769 290 aut
1789 252 1874 292 nul-

283 310 352 350 lus.
392 309 481 351 Inde
503 321 618 359 porro
643 310 752 358 pedes
777 309 920 358 sanguis
943 307 1095 352 deserit,
1130 315 1171 346 ut
1193 308 1478 348 irrevocabiliter
1492 310 1683 360 frigescant
1702 339 1712 354 ,
1751 313 1786 349 &
1811 325 1869 351 ca-

284 370 343 408 lor
371 369 508 408 sursum
534 368 695 412 recedit,
729 380 816 406 cum
847 368 1045 418 sanguine,
1079 379 1192 418 quem
1217 379 1282 406 cor
1311 369 1355 407 ad
1387 369 1485 413 sola,
1519 371 1558 408 in
1579 370 1781 419 exemplo,
1814 374 1871 411 in..

283 432 396 480 guina
426 429 551 478 pellit:
589 428 674 466 inde
708 429 851 466 brevior
870 430 967 466 unda
998 427 1042 464 ad
1072 440 1174 465 renes
1193 455 1204 470 ,
1240 439 1350 477 quam
1371 428 1531 468 refluxus
1550 430 1731 479 sanguinis
1757 430 1872 482 sequi.

283 497 366 532 tur,
403 499 443 528 ut
473 501 519 526 eo
543 487 688 530 redeat,
723 487 822 525 unde
853 499 919 538 per
949 487 1124 526 ultimum
1158 487 1303 537 pulsum
1333 488 1625 539 progressus-est.
1663 490 1722 528 Sic
1755 502 1872 540 porro

284 550 330 588 ad
353 549 614 598 diaphragma,
648 547 694 586 ad
716 549 877 591 costam,
911 549 950 586 iu
969 547 1164 598 exemplo,
1201 559 1359 592 nonam,
1393 549 1439 586 ad
1469 549 1683 599 septimam.
1720 550 1872 589 demum

285 611 324 647 in
353 621 532 659 magnum
562 619 688 646 arcum
723 606 906 658 sanguinis
943 607 1042 647 unda
1073 609 1172 646 venit
1197 635 1208 651 ,
1243 602 1281 646 δε
1315 608 1427 658 paulo
1469 610 1553 659 post
1581 611 1620 647 in
1653 621 1717 648 cor
1743 610 1872 648 relabi„

285 676 355 711 tur.

349 729 565 778 Plerumque
593 740 666 768 cor
692 728 835 779 aliquot
862 727 1033 778 pulsuum
1055 726 1248 766 intervallo
1269 727 1449 777 quiescit,
1485 729 1523 765 &
1551 728 1731 778 denique,
1764 728 1871 767 asan-

287 790 402 839 guine
435 790 471 826 δι
497 788 680 826 relabente
700 816 710 831 ,
746 789 782 826 &
811 801 875 838 per
911 800 1041 826 venam
1074 799 1198 825 cavam
1225 787 1347 825 cordis
1377 789 1496 826 motui
1530 787 1775 838 superstitem.
1811 788 1872 826 ad-

287 850 419 899 pullo,
450 850 628 886 irritatum
662 848 812 886 molitur
846 847 1012 898 pulsum,
1049 848 1086 884 ἃ,
1117 846 1152 884 se
1185 859 1231 884 eo
1252 846 1427 896 sanguine
1458 848 1596 885 liberat.

349 908 382 947 Is
414 920 514 946 nunc
548 907 657 945 status
691 908 765 951 est,
800 910 839 946 in
864 920 940 958 quo
970 907 1112 957 sanguis
1141 919 1205 956 per
1232 906 1428 957 pulmones
1454 906 1601 946 transire
1629 908 1777 957 impos,
1811 919 1872 947 m-

287 969 431 1006 xietatis
451 966 592 1006 sensum
621 967 729 1011 facit,
764 980 810 1006 ex
837 980 908 1018 qua
936 967 1086 1006 ultimus
1112 979 1210 1016 agon
1233 969 1356 1005 cietur.

352 1028 411 1066 Sic
449 1040 514 1077 per
549 1027 736 1065 intervalla
769 1028 805 1065 &
831 1040 896 1065 cor
930 1026 1070 1077 pulsat,
1107 1027 1144 1064 &
1174 1027 1362 1076 inspiratio
1385 1025 1580 1077 aliquando
1606 1026 1725 1078 aliqua
1750 1026 1871 1066 succe-

289 1088 368 1132 dit,
402 1087 523 1126 donec
550 1099 598 1125 ne
627 1087 876 1127 accumulatus
908 1086 1056 1138 quidem
1082 1085 1225 1136 sanguis
1249 1085 1356 1137 poffit
1374 1099 1439 1126 cor
1455 1087 1499 1125 ad
1524 1094 1670 1126 motum
1695 1089 1866 1131 incitare,

291 1152 396 1193 euius
424 1150 459 1185 ἃ
483 1146 804 1197 sensus'perierit‚
841 1149 877 1186 ἃ.
894 1151 960 1186 Δνιέ
981 1146 1194 1186 musculosa.
1227 1146 1273 1186 Et
1303 1154 1393 1189 tunc
1418 1147 1541 1197 pulsus
1561 1148 1867 1198 interrumpitur,

290 1219 482 1258 nunquam
508 1207 700 1246 rediturus.

350 1268 492 1307 Primus
526 1276 648 1306 autem
672 1267 895 1307 ventriculus
918 1266 1053 1306 sinister
1083 1266 1260 1317 quiescit,
1294 1266 1339 1305 ad
1365 1278 1474 1317 quem
1503 1266 1625 1305 nullus
1648 1265 1693 1304 de
1730 1265 1870 1305 obstruo

290 1328 350 1367 &o
380 1328 561 1377 pulmone
586 1326 730 1376 sanguis
762 1330 900 1371 veniat,
935 1327 1155 1377 nullumque
1189 1327 1280 1365 adeo
1306 1327 1351 1365 ad
1376 1336 1520 1365 motum
1558 1328 1835 1364 irritamentum.

349 1386 524 1436 Denique
546 1388 656 1424 etiam
676 1387 802 1424 dexter
844 1390 893 1432 (i
911 1390 927 1431 )
961 1388 1128 1424 contrahi
1151 1386 1299 1429 definit,
1335 1386 1395 1423 etsi
1417 1398 1501 1423 eum
1525 1386 1668 1434 sanguis
1689 1396 1870 1423 venarum

293 1458 462 1484 cavarum
495 1444 683 1482 novissime
705 1445 919 1483 sollicitavit.
951 1444 1131 1483 Debilitas
1153 1446 1249 1481 enim
1277 1457 1376 1483 nunc
1395 1452 1492 1482 tauta
1513 1445 1563 1482 est
1578 1472 1588 1486 ‚
1623 1452 1663 1482 ut
1686 1456 1772 1482 cum
1788 1455 1870 1482 cru-

292 1518 358 1544 ore
384 1508 422 1543 in
446 1505 544 1543 suam
575 1517 719 1542 caveam
741 1505 899 1553 impulso
917 1532 926 1546 ,
961 1505 1086 1540 frustra
1117 1504 1317 1541 stimulatus
1348 1503 1570 1542 ventriculus
1587 1531 1598 1546 ‚
1633 1502 1790 1553 quiescat
1817 1509 1870 1540 ta„-

289 1577 377 1602 men
424 1564 515 1602 Inde
537 1564 695 1601 auricula
727 1566 775 1612 (lc
799 1571 808 1601 3
842 1562 1063 1612 aliquamdiu
1091 1561 1252 1611 palpitat.

349 1624 490 1662 Ultima
523 1636 613 1661 vena
640 1636 724 1661 cava
751 1622 831 1670 (l)
864 1623 1102 1672 sanguinem,
1137 1622 1277 1660 alterno
1302 1629 1435 1666 motu,
1468 1623 1505 1661 &
1531 1621 1649 1662 versus
1667 1624 1869 1661 auremim„

289 1684 417 1734 pellit,
454 1685 490 1722 &
526 1682 746 1722 relabentem
774 1684 913 1732 recipit.

350 1744 487 1792 Quoad
514 1746 550 1782 ὃς
582 1744 656 1794 ipsa
682 1743 727 1781 acl
752 1743 939 1781 stimulum
968 1741 1207 1781 obsurdescat,

785 1865 819 1907 ἓ.
853 1859 1041 1900 XXIII.
1089 1861 1201 1910 Signa
1229 1865 1367 1900 mortis,

348 1982 439 2022 Non
465 1968 673 2026 continuo,
708 1982 856 2032 quando
874 1993 938 2020 cor
964 1982 1120 2032 quievit,
1156 1981 1193 2019 &
1216 1979 1403 2031 respiratio
1429 1980 1529 2021 nulla
1550 1980 1601 2019 est
1631 1980 1739 2033 (a),
1768 1992 1867 2019 mor.⁵

1791 2049 1868 2079 tem

412 2159 510 2191 Κκιι..
532 2159 607 2191 Phil.
636 2158 743 2195 Trans:
761 2169 791 2190 n.
821 2162 888 2197 306.
912 2160 943 2189 in
966 2158 1031 2190 sene
1056 2167 1123 2198 ¹30-
1148 2168 1297 2189 annorum.

327 2160 388 2193 (bi

326 2201 369 2234 (l)

325 2243 387 2277 (ι’)
413 2242 488 2272 inter
514 2252 592 2280 oper.
622 2242 694 2272 min.
714 2242 747 2272 de
760 2240 901 2281 sanguin.
924 2246 1012 2271 motu.
1040 2240 1062 2271 1.
1091 2251 1120 2280 p.
1142 2250 1210 2278 294.
1235 2251 1302 2280 295.
1334 2241 1393 2275 διε,

323 2283 391 2319 (ἢ)
415 2284 492 2318 oper.
520 2294 587 2313 msn.
615 2283 650 2313 T.
667 2284 689 2312 Ι.
703 2294 730 2322 p.
749 2294 813 2321 ¹70·

325 2324 366 2361 (ι
418 2324 477 2352 ιιηα

320 2364 390 2403 (a)
413 2364 574 2398 Wurrr.
593 2365 704 2408 phystol.
725 2363 769 2407 aff
794 2365 902 2406 p.176.
922 2365 1004 2398 vital.
1029 2368 1097 2398 mot.
1121 2374 1150 2404 p.
1172 2372 1242 2405 377.
