1955 2732
414 96 676 153 sacrm.
736 97 1283 145 v1TAFETus.
1554 109 1637 150 25⁷

66 221 173 253 utero
199 209 339 261 gallinae
365 209 445 248 satis
474 210 638 249 formatae
665 208 862 259 adparent,
901 209 941 247 Sc
973 214 1110 247 aeterno
1148 206 1299 246 vinculo
1329 201 1419 247 cuni
1453 208 1638 248 umbilico

68 271 346 318 conjunguntur
375 264 432 318 d).

181 349 324 388 Ductus
356 349 455 386 enim
489 346 602 385 vitelli
627 347 780 384 intestini
810 346 902 396 pulli
934 347 984 385 est
1008 346 1133 385 hernia
1152 347 1211 392 e),
1251 347 1288 385 δε
1314 359 1401 386 cum
1433 347 1636 393 intestino,

70 407 107 444 &
137 419 222 445 cum
249 413 333 443 cute
357 404 563 442 animalculi
592 407 777 442 continua.

185 485 331 525 Deinde
355 487 579 523 incrementa
601 483 762 533 amniif)
785 485 990 534 antiquiora
1011 484 1093 523 sunt
1113 485 1292 524 umbilico
1308 514 1317 529 ‚
1353 486 1390 522 δε
1405 492 1531 524 tamen
1550 498 1636 524 om-

73 545 132 582 nia
159 545 382 580 incrementa
405 542 499 579 fetus
522 554 542 579 a
572 543 691 579 cordis
716 540 872 579 efficacia
894 542 1057 591 pendent
1065 540 1142 591 g),
1175 542 1273 579 nulla
1293 554 1456 591 unquam
1488 543 1632 587 futura,

73 600 100 637 fi
127 612 167 637 ea
193 600 330 636 motrix
353 600 516 647 potentia
540 597 703 636 defuerit.
737 598 808 635 Sed
839 597 998 647 denique
1018 600 1111 635 vixit
1131 600 1160 635 is
1183 599 1277 637 fetus
1292 628 1301 642 ,
1335 611 1420 636 cum
1446 611 1561 637 ovum
1582 601 1641 637 in-

74 657 263 693 cubationi
289 656 568 705 permitteretur.
615 654 699 703 Ejus
726 656 823 691 enim
851 656 991 693 corculi
1018 655 1091 692 sola
1123 656 1176 691 vis
1203 655 1316 697 fecit,
1350 662 1392 692 ut
1423 668 1536 693 ovum
1570 668 1640 705 po-

75 713 285 750 sterioribus
312 711 412 748 horis
437 723 514 748 non
534 712 782 760 putresceret,
815 713 851 747 ἅ
888 712 926 748 in
954 712 1238 762 pulcherrimam
1266 712 1440 749 fabricam
1466 712 1640 760 figurare-

76 776 137 806 tur
151 797 161 812 ,
188 780 267 818 quae
290 768 422 806 fabrica
447 767 566 811 lente,
591 780 656 818 pet
676 769 757 806 suos
779 767 913 818 gradus
926 796 936 811 ,
968 781 988 806 a
1008 768 1136 819 primis
1155 768 1400 809 incubatIOnis
1426 768 1526 806 horis
1549 770 1642 807 inci-

80 826 137 875 pit
161 824 296 874 perfici.

192 905 291 955 Ergo
313 907 349 943 in
370 906 470 949 stru,
498 905 619 944 adhuc
645 906 793 944 informi
809 936 817 950 ,
841 919 907 945 σοι·
928 908 1000 950 est,
1029 908 1065 944 &
1087 907 1215 945 adsunt
1234 907 1330 950 vasa,
1349 918 1429 957 qure
1450 906 1643 945 umbilica-

76 961 130 1000 les
152 969 302 1000 truncos
323 964 528 1012 producant
548 993 556 1006 ‚
589 976 675 1001 vena
701 976 806 1007 cava,
833 977 923 1002 vena
947 964 1179 1002 mesenterica
1194 993 1203 1007 ‚
1223 967 1351 1001 arteria
1368 964 1469 1001 iliaca
1492 963 1637 1006 sinistra,

84 1021 214 1056 arteria
240 1026 340 1056 aorta
364 1019 538 1068 superior,
561 1021 706 1069 ejulque
732 1021 808 1058 aliae
833 1021 969 1058 radices
985 1050 994 1064 ,
1027 1033 1106 1070 quae
1128 1021 1301 1059 dicuntur
1326 1021 1453 1058 duftus
1470 1019 1638 1058 arteriofi.

196 1099 232 1137 Si
250 1112 365 1148 nuper
382 1102 436 1137 vir
455 1100 548 1139 Clar.
568 1109 651 1139 ante
675 1100 803 1139 horam
830 1113 892 1149 24.
914 1102 1057 1140 nullum
1078 1114 1143 1139 cor
1163 1103 1298 1151 reperit
1310 1101 1362 1146 h),
1381 1101 1419 1139 id
1444 1103 1551 1140 unice
1569 1114 1645 1139 ma-

82 1157 117 1196 le
137 1155 290 1195 definitae
312 1156 436 1205 figurae
471 1157 684 1195 moliissimae
710 1159 831 1208 pulpae
861 1160 1020 1202 tribuas,
1054 1171 1134 1208 quae
1162 1171 1227 1197 cor
1250 1171 1349 1197 nunc
1369 1158 1643 1204 constituit⁴h*).

197 1237 331 1286 Neque
357 1237 435 1275 vasa
463 1239 499 1275 in
525 1240 643 1287 capite
672 1239 770 1276 nulla
798 1239 899 1277 fuisse
928 1241 1061 1278 credas.
1124 1240 1220 1279 Cum
1240 1241 1337 1278 enim
1365 1248 1477 1290 caput
1497 1241 1605 1278 etiam
1619 1239 1649 1285 i)

86 1302 177 1334 tunc
201 1294 442 1344 conspicuum
466 1294 533 1338 fit,
574 1297 610 1332 &
641 1307 727 1333 cum
754 1297 791 1333 id
825 1305 934 1347 clput
968 1299 1148 1335 continuo
1183 1297 1358 1335 increscat
1378 1325 1388 1341 ,
1421 1297 1651 1347 figuramque

86 1359 229 1394 mutet,
261 1350 425 1401 horaque
449 1351 717 1401 quadragesima
734 1354 772 1391 kx·
802 1356 1043 1403 tergeminam
1066 1354 1203 1392 bullam
1225 1354 1356 1391 referat
1375 1366 1386 1400 3
1428 1366 1513 1391 cum
1536 1365 1651 1403 porro

87 1407 207 1446 solum
230 1418 294 1445 cor
309 1406 364 1454 l);
397 1408 434 1444 &
455 1421 519 1457 per
545 1408 633 1446 solas
658 1411 801 1447 arterias
824 1439 833 1453 ‚
866 1422 952 1448 cum
982 1411 1084 1448 bono
1109 1411 1240 1448 ordine
1270 1408 1379 1459 poffit
1408 1410 1583 1448 humores
1614 1411 1653 1448 in

89 1476 165 1502 ovo
181 1475 330 1502 movere
343 1492 354 1507 ,
381 1465 722 1515 incrementumque
739 1465 881 1505 efficere
902 1467 1131 1516 legitimum3
1163 1479 1250 1505 cum
1270 1467 1428 1516 denique
1442 1467 1554 1516 paulo
1571 1467 1654 1517 post

88 1520 246 1559 alterum
273 1519 370 1558 diem
384 1549 394 1563 ‚
427 1520 518 1559 hora
544 1534 603 1567 59.
619 1522 670 1567 m)
696 1525 833 1561 arteriae
853 1524 1033 1562 carotides
1054 1535 1100 1561 ex
1123 1531 1224 1561 aorta
1243 1523 1288 1562 de
1310 1524 1422 1561 corde
1443 1524 1654 1571 egrediente

89 1576 186 1615 nasci
210 1576 398 1615 videantur
418 1605 427 1620 ,
460 1590 537 1615 non
559 1579 609 1616 est
623 1578 787 1622 dubium,
803 1582 893 1629 quin
915 1582 1023 1618 etiam
1045 1582 1145 1629 prius
1166 1580 1300 1617 eaedem
1327 1580 1508 1617 carotides
1530 1580 1654 1619 adfue-

91 1634 175 1671 rint.
207 1632 251 1671 In
275 1645 320 1671 eo
350 1635 467 1684 capite
494 1636 686 1673 cerebrum
705 1664 715 1679 ,
750 1635 906 1674 fluidum
929 1637 1079 1686 quidem
1097 1664 1106 1679 ,
1140 1636 1269 1675 oculus
1298 1635 1446 1685 detegit.

207 1713 278 1753 Sed
304 1716 411 1753 etiam
443 1715 586 1765 spinalis
620 1717 805 1761 medulla,
841 1725 883 1755 ut
909 1719 1121 1756 continuata
1151 1718 1327 1761 cerebro,
1361 1718 1472 1768 inque
1503 1719 1656 1757 caudam

96 1770 210 1821 usque
228 1772 416 1822 producta,
431 1773 504 1820 jam
527 1780 617 1811 tunc
642 1774 758 1813 adfuit
773 1803 784 1818 ‚
813 1787 900 1813 cum
925 1774 1058 1815 eodem
1085 1787 1171 1814 cum
1196 1775 1314 1825 capite
1336 1781 1505 1825 tempore
1523 1804 1533 1819 ,
1566 1776 1656 1814 hora

1503 1844 1517 1869 1
1530 1843 1562 1871 2.
1583 1845 1658 1870 nla-

138 1889 171 1927 εἰ)
193 1899 222 1928 1³·
241 1899 288 1926 ος·

138 1933 166 1963 ε)
189 1931 257 1961 ibid.
275 1941 302 1969 p,
321 1935 385 1968 187.

136 1969 172 2008 f)
198 1972 324 2010 Adparet
338 1972 408 2000 hora
423 1979 467 2001 12.
486 1980 515 2009 p.
533 1981 576 2008 14.
592 1971 723 2003 increscit
739 1979 806 2003 ante
821 1969 920 2003 horam
935 1978 980 2009 48.
995 1973 1030 2004 ad
1042 1972 1105 2012 plus
1118 1981 1203 2011 quam
1220 1969 1337 2011 duplam
1350 1971 1562 2013 longitudinem
1578 1984 1596 2013 p
1613 1984 1657 2013 ¹7·

133 2020 206 2087 eq)ue
227 2022 288 2042 rem
309 2019 402 2042 mutat
417 2034 426 2048 ‚
448 2011 469 2042 fi
494 2021 526 2042 ea
547 2015 657 2043 amnios
678 2013 851 2045 membranae
867 2014 958 2046 vitelli
974 2015 1070 2054 portio
1092 2014 1180 2044 fuerit
1191 2035 1202 2051 ,
1218 2022 1250 2044 ut
1267 2024 1346 2046 nunc
1365 2023 1437 2054 puto
1453 2025 1500 2047 me
1517 2016 1657 2055 reperiss'e.

141 2092 175 2124 h)
196 2092 308 2122 Wom.
323 2093 410 2122 thr-or.
423 2103 516 2131 gener.
533 2104 624 2132 germ,
641 2103 661 2132 p
686 2097 755 2132 265.

141 2133 192 2166 1³⁴²)
207 2132 237 2163 L.
252 2133 364 2164 XXIX.
379 2143 406 2171 p.
428 2137 490 2164 116.
513 2137 577 2170 178.

144 2173 170 2210 i)
193 2173 271 2204 Hora
289 2174 461 2204 duodecima
482 2173 552 2204 ibid.
579 2184 607 2213 p.
626 2183 675 2211 42.

143 2214 175 2247 k)
198 2224 287 2252 1245-

151 2255 177 2290 Ι)
198 2264 225 2292 p-
245 2265 290 2293 34.
312 2264 357 2293 35-

146 2294 190 2325 mi
204 2305 231 2333 p.
251 2300 297 2330 63.
325 2297 360 2324 de
383 2302 456 2324 vena
476 2294 616 2332 quidem:
636 2295 656 2326 si
678 2307 747 2329 vero
772 2297 906 2339 jugulatis
927 2297 1039 2337 adfuit,
1061 2298 1174 2330 necesse
1199 2298 1239 2331 est
1261 2299 1419 2331 carotidem
1441 2298 1523 2332 fuisse
1536 2322 1546 2336 ‚
1568 2309 1585 2332 a
1608 2309 1665 2340 qut

105 2332 273 2373 {unguii-iem
288 2336 418 2366 haberet.

165 2412 330 2454 Hirrum
360 2410 502 2463 Plrffiol.
537 2411 647 2454 Tom.
671 2416 772 2456 VIII.
805 2417 843 2456 P.
864 2417 890 2456 I.
1118 2417 1153 2478 Κ
1183 2418 1209 2456 k
