1955 2732
301 167 384 205 208
761 151 1387 197 ADDENDAJ

291 263 387 301 235.
423 252 526 292 Idem
542 262 671 291 onmes
690 257 811 302 partes
825 249 1024 293 animales,
1053 250 1090 286 &
1110 247 1187 313 ipsa
1208 245 1305 290 offa,
1345 249 1385 284 in
1400 257 1554 285 mucum
1568 246 1748 284 convertit
1762 244 1800 285 N
1813 256 1832 283 a
1849 256 1888 283 u-

282 325 385 351 MAN
417 312 462 351 Τ.
494 311 556 350 111.
593 324 625 360 p
650 316 713 356 56.

343 371 381 411 Ρ.
412 378 504 418 378.
541 372 572 409 A
603 368 717 408 vesica
753 367 950 412 scirrhosa,
986 369 1088 416 cujus
1120 366 1252 406 ostium
1280 365 1551 414 cartilagineum
1585 370 1680 407 erat,
1714 369 1870 402 ureteras

281 429 435 473 dilatati,
470 442 535 468 ren
568 430 676 466 nimis
707 428 877 477 amplus,
910 427 1026 477 pelvis
1046 427 1084 464 &
1108 424 1227 465 tubuli
1247 424 1390 463 distenti
1410 424 1515 462 Dim.
1555 423 1673 462 Vener.
1706 422 1759 462 cl.
1781 421 1871 461 Oa-

283 499 467 528 Tzsciu
495 487 540 526 ΙΙ.
577 499 611 536 p.
639 493 705 532 46.
746 496 814 532 47.

341 547 380 586 P.
408 554 497 590 388.
534 545 686 584 Lotium
705 546 742 583 in
764 552 889 584 tetano
904 543 1100 595 supressum
1132 545 1266 592 saum.
1289 542 1390 581 Med.
1420 554 1499 579 ann.
1526 547 1644 588 1764.
1675 554 1723 578 m.
1758 539 1866 578 Avxil.

283 607 321 643 &
348 618 367 643 a
399 606 535 654 frigore
567 602 898 643 ZIMMERMAN
931 603 1063 652 erfahr.
1094 602 1136 642 ll.
1158 615 1193 652 p.
1222 609 1313 649 384.
1348 609 1443 655 385.
1471 602 1513 640 ln
1534 602 1667 638 morbo
1691 600 1870 649 hysterico

283 665 321 701 id
346 664 507 702 ischuriae
534 675 650 712 genus
683 674 759 700 non
783 662 990 713 infrequens
1028 664 1109 701 est.

343 722 380 761 P.
399 733 494 771 402.
530 721 624 759 Viro
650 721 857 770 generoso,
892 734 938 759 ex
970 722 1027 759 1113
1060 729 1178 759 vetere
1208 721 1330 760 Caroli
1356 720 1443 758 XII.
1467 719 1619 761 militia,
1654 730 1739 756 cum
1762 720 1799 755 in
1823 717 1873 755 se

284 783 348 825 nio
387 783 420 818 61
449 781 582 819 lotium
608 779 831 829 suppressum
863 780 969 823 esset,
1007 781 1089 829 post
1110 782 1263 818 nimium
1292 779 1541 829 plusculorum
1571 789 1752 819 annorum
1780 777 1876 815 som.-

284 851 398 882 num,
433 841 490 877 die
531 845 591 876 16
628 850 729 876 mors
755 851 820 888 per
839 839 1052 878 effusionem
1072 841 1182 877 urinae
1212 841 1249 876 in
1273 839 1447 887 linguam
1457 837 1615 878 accidit,
1650 848 1729 885 quae
1755 835 1874 873 subito

284 907 432 937 tumore
459 899 645 946 optimum
662 898 781 935 virum
802 897 1042 948 strangulavit.
1079 898 1246 936 Catheter
1272 897 1417 944 nullum
1435 896 1740 946 impedimentum
1765 906 1876 932 11116

287 955 355 995 1163
391 955 586 995 detexerat.

944 1052 983 1090 L.
1020 1046 1228 1091 XXVII.

345 1146 383 1185 P.
403 1157 498 1192 4²0-
533 1146 685 1185 Tunicae
714 1146 885 1196 vag'inalis
923 1146 1204 1196 descriptionem
1243 1156 1378 1183 novam
1404 1141 1654 1182 adornavitad
1704 1141 1875 1188 cadavera

297 1204 353 1244 Cl.
405 1204 666 1249 Lonstn,
701 1206 738 1243 &
781 1217 927 1244 mecum
969 1207 1280 1247 communicavit,
1314 1215 1399 1242 cum
1434 1203 1562 1241 nostrae
1608 1200 1686 1239 satis
1719 1199 1874 1241 accedat,

285 1262 487 1313 Distinguit
517 1272 638 1302 autem
665 1263 734 1302 Vir
756 1264 811 1303 Cl.
843 1272 913 1303 tres
928 1266 1098 1314 vaginas,
1132 1265 1301 1313 vaginam
1329 1262 1506 1304 funiculi,
1541 1261 1708 1310 vaginam
1743 1260 1837 1298 testis
1855 1286 1864 1301 ,

286 1324 453 1371 vagInam
486 1334 735 1362 communem.

347 1380 490 1430 vagina
518 1385 727 1420 communis
762 1381 868 1420 densa
898 1384 948 1421 est
977 1385 1014 1421 &
1048 1356 1245 1433 compasta.

345 1437 489 1486 vagina
511 1440 686 1481 funiculi,
722 1452 800 1488 quae
823 1443 936 1487 priori
964 1444 1198 1483 continetur,
1232 1439 1412 1477 subtiliori
1446 1438 1614 1476 cellulosa
1643 1436 1712 1474 tela
1741 1436 1791 1474 fic.

307 1502 309 1505 '
347 1495 492 1544 Vagina
535 1498 631 1534 testis
665 1498 791 1535 arctius
815 1498 848 1534 se
872 1498 916 1535 ad
945 1498 982 1535 id
1009 1511 1189 1546 organum
1227 1497 1408 1545 adplicat,
1444 1508 1529 1534 cum
1563 1497 1701 1544 priores
1735 1495 1805 1532 illae
1831 1495 1879 1532 la=

290 1556 371 1593 xius
407 1554 627 1596 adhaereant,
661 1556 780 1591 tenuis
811 1555 935 1591 eadem
954 1555 1156 1604 pellucida,
1191 1555 1302 1592 firma.
1336 1553 1482 1591 Testem
1510 1553 1716 1591 universum
1743 1554 1780 1590 δε
1809 1565 1878 1592 una

292 1612 578 1662 epididymidem
602 1611 788 1654 obvolvit,
825 1613 863 1650 &
892 1614 984 1651 adeo
1022 1614 1113 1651 ard'te
1134 1625 1219 1651 cum
1238 1613 1429 1661 albuginea
1460 1613 1581 1650 tunica
1621 1611 1847 1650 connettitur
1864 1639 1875 1654 ‚

292 1679 334 1710 ut
355 1671 499 1709 nonnisi
527 1673 565 1708 in
584 1671 842 1716 conjunctione
859 1670 920 1709 sua
951 1672 1175 1722 aliquantum
1205 1671 1308 1709 flatus
1329 1683 1426 1720 ope,
1460 1670 1688 1720 scalpellive,
1720 1669 1780 1708 sed
1812 1670 1877 1708 dif-

290 1730 442 1773 ficilius,
473 1730 626 1779 separari
643 1728 759 1779 possit.
795 1731 835 1768 ln
860 1732 973 1779 priori
996 1730 1103 1769 latere
1123 1759 1133 1774 ,
1164 1744 1183 1768 a
1204 1731 1312 1768 latere
1327 1730 1423 1767 testis
1442 1737 1658 1775 coercetur3
1690 1727 1741 1766 ab·
1764 1729 1878 1767 altero

290 1789 401 1827 latere
421 1788 464 1825 ad
493 1787 781 1837 epididymideiff
808 1800 828 1825 a
861 1790 972 1827 cauda
1003 1791 1047 1827 ad
1073 1798 1181 1839 caput
1201 1789 1312 1839 usque
1338 1789 1562 1831 adhaerescit,
1597 1789 1633 1825 &
1665 1787 1767 1837 supra
1798 1800 1878 1826 eam

291 1847 327 1884 se
346 1846 513 1890 reflefflt,
549 1848 585 1884 ὃς
616 1846 772 1895 denique
804 1849 840 1883 in
871 1847 1010 1886 sulcum
1041 1848 1075 1885 se
1104 1850 1277 1891 immitit,
1314 1850 1376 1897 qui
1406 1848 1499 1885 hanc
1535 1847 1700 1889 interest,
1736 1847 1772 1883 &
1798 1859 1878 1886 cor-

240 1916 243 1918 ·
280 1917 362 1955 ·pus
383 1906 476 1943 testis
495 1933 504 1947 ,
536 1912 642 1954 atque
673 1907 722 1943 ita
754 1904 858 1946 suver
887 1907 982 1943 testis
1009 1918 1142 1955 corpus
1170 1908 1236 1943 iter
1269 1907 1372 1945 suum
1396 1908 1594 1946 continuat.
1633 1906 1673 1943 In
1691 1906 1766 1952 ejus
1782 1908 1879 1955 vagi-

293 1976 351 2002 nae
384 1976 531 2001 caveam
558 1975 670 2011 vapor
696 1963 848 2001 exhalat.
895 1965 1010 2014 Super
1032 1965 1260 2014 albugineam
1293 1968 1454 2002 tunicam
1481 1965 1644 2001 eamdem
1673 1965 1876 2002 continuari

295 2023 442 2067 credas;
473 2034 531 2059 aer
565 2024 662 2060 enim
689 2021 853 2065 inflatus,
888 2024 975 2062 dum
996 2027 1126 2072 vagina
1158 2023 1323 2062 vasorum
1346 2031 1560 2072 praeparatur
1578 2052 1587 2066 ,
1621 2024 1714 2061 inter
1738 2023 1876 2073 albugi-

292 2093 398 2121 neam
425 2081 460 2118 &
476 2081 642 2129 vaginam
654 2081 747 2118 testis
771 2080 969 2120 seinfinuat
987 2110 996 2124 ,
1030 2082 1206 2131 bullisque
1221 2082 1290 2120 suis
1308 2081 1342 2119 se
1352 2083 1586 2132 conspicuum
1604 2082 1731 2126 reddit.
1757 2082 1876 2123 Potest

246 2157 251 2160 ·
277 2167 279 2170 <
299 2148 420 2177 autem
444 2151 503 2177 aer
537 2141 643 2178 etiam
662 2139 754 2178 ultra
769 2167 779 2181 ,
813 2141 906 2180 inter
923 2143 1088 2189 vaginam
1109 2142 1202 2179 testis
1223 2142 1259 2178 &
1278 2141 1506 2188 albugineam
1522 2141 1844 2190 premendourgeri
1862 2167 1873 2183 ,

297 2205 338 2234 ut
351 2200 477 2246 vagina
487 2198 635 2238 secedat,
671 2210 736 2246 per
753 2205 873 2236 totum
890 2202 1078 2242 ambitum,
1101 2213 1170 2249 qua
1188 2202 1313 2248 vagina
1333 2201 1464 2237 tunicae
1491 2199 1644 2237 adhaeret
1654 2199 1863 2248 albugineae.

354 2253 498 2293 Deinde
523 2259 650 2305 vagina
678 2259 883 2294 communis
909 2265 1052 2307 paratur
1083 2271 1162 2296 aere
1183 2260 1275 2296 inter
1298 2271 1375 2295 eam
1399 2260 1434 2296 &1
1454 2258 1530 2296 vasa
1556 2257 1735 2307 impuls03
1760 2260 1808 2295 ita
1819 2267 1875 2299 to-

295 2319 353 2353 tus
374 2313 554 2352 funiculus
573 2314 726 2353 inflatur.
746 2314 888 2353 Verum
905 2316 1052 2365 quando
1070 2318 1114 2355 ad
1129 2318 1253 2355 testem
1267 2329 1325 2355 aer
1337 2319 1520 2367 pervenit,
1543 2324 1631 2355 tunc
1648 2329 1704 2354 aer
1716 2315 1875 2366 inpulsus

283 2373 424 2423 „utique
448 2375 615 2422 vaginam
641 2374 735 2413 testis
760 2385 838 2415 non
856 2375 941 2415 facit
966 2375 1128 2418 secedere
1147 2404 1157 2421 ,
1193 2388 1343 2427 eamque
1359 2378 1479 2427 potius
1491 2375 1609 2419 sedem
1632 2375 1762 2419 elevat,
1796 2385 1876 2424 quae

1828 2433 1877 2471 est
