1955 2732
334 114 413 156 264
804 102 900 144 LIB.
932 102 1078 144 XXIX.
1141 104 1168 143 F
1197 103 1226 144 E
1257 104 1292 144 T
1320 104 1357 144 U
1386 101 1420 144 S.

439 211 559 252 Faeces
573 211 644 251 alvi
656 211 817 252 multum
831 213 875 251 ab
892 212 1103 251 adultorum
1118 214 1359 251 excrementis
1371 210 1515 250 diversae
1529 210 1620 256 sunt,
1627 210 1823 251 subvirides
1832 214 1886 261 a),

335 270 489 308 elec’carii
516 271 633 308 forma
651 298 661 313 ‚
695 281 826 319 parum
850 269 975 307 odorae
991 296 1000 312 ,
1037 281 1166 317 parum
1191 281 1315 311 acres,
1348 270 1464 307 modo
1495 269 1539 306 ad
1565 281 1712 308 acorem
1738 282 1889 320 pronae,

336 328 452 365 modo
472 327 517 363 ad
538 326 770 376 putredinem
784 325 830 369 b).
869 325 1009 363 Verum
1031 325 1220 362 flavescens
1241 325 1373 363 stercus
1387 326 1423 363 in
1442 325 1520 364 fetu
1539 337 1617 364 non
1635 325 1710 364 vicli
1729 327 1775 372 c).

451 407 644 456 pinguedo
671 409 707 443 iu
737 418 814 444 ovo
841 407 1016 444 incubato
1044 413 1126 442 ante
1152 413 1296 455 partum
1316 406 1500 444 nascitur:
1533 406 1630 443 diem
1648 433 1658 449 ,
1691 418 1763 456 qua
1783 406 1892 455 adpa-

333 465 446 502 ruerit
466 492 477 507 ‚
507 463 652 511 neglexi
673 463 861 502 adnotare.
914 463 957 500 ln
980 463 1056 500 fetu
1081 462 1244 499 humano
1268 474 1314 499 ex
1337 462 1540 511 gelatinoso
1564 462 1655 500 statu
1671 464 1827 510 emergit
1837 462 1890 505 d),

336 523 373 558 &
401 521 517 568 magis
536 519 676 557 acinofa
694 548 703 562 ‚
735 521 931 569 minusque
946 548 956 562 ,
978 531 1088 569 quam
1104 520 1141 555 in
1161 518 1313 555 homine
1333 519 1480 561 adulto,
1507 519 1711 567 unguinosa
1731 519 1789 556 est.
1823 517 1894 556 Os-

335 576 426 614 fium
451 576 609 613 medulla
630 577 667 612 in
693 575 770 613 fetu
794 584 966 618 cruenta,
999 576 1036 613 &
1059 574 1278 625 lymphatica
1299 575 1348 612 est
1363 604 1374 618 ‚
1406 587 1526 625 neque
1549 575 1837 618 inflammabilis,
1855 575 1894 612 in

335 633 499 670 humano
522 632 672 682 quidem
701 632 788 670 fetu.

451 713 536 752 Bilis
567 715 729 762 primum
744 715 776 758 e)
801 713 956 752 decolor
975 742 985 757 ‚
1026 714 1063 750 in
1091 713 1194 763 pullo
1219 713 1392 751 incubato
1422 724 1442 750 a
1474 713 1533 751 die
1563 710 1763 761 decimos)
1788 740 1799 756 ‚
1830 724 1895 762 per

339 771 457 808 varios
488 772 616 807 viroris
643 770 775 819 gradus
797 798 807 813 ,
841 771 990 808 demum
1017 770 1080 807 sub
1110 779 1254 820 tempus
1273 798 1282 812 ,
1316 782 1391 819 quo
1419 769 1653 813 excluditur,
1685 769 1834 807 caerulea
1848 769 1894 816 g)

340 828 376 864 &
406 828 494 864 acris
519 827 576 863 est.
638 827 681 864 ln
712 826 875 864 humano
907 827 984 865 fetu
1010 826 1158 869 eadem,
1192 827 1272 876 post
1293 838 1429 864 novem
1445 825 1621 864 mensium
1642 826 1893 874 gestationem,

340 884 402 920 vix
433 883 641 920 acrimoniae
656 883 696 927 h)
721 884 868 932 vestigia
889 882 1007 921 habet.
1061 882 1104 920 ld
1129 882 1259 920 referas
1291 881 1329 919 in‘
1359 882 1473 919 vitelli
1505 882 1664 920 oleosam
1695 889 1862 919 naturam
1882 909 1894 925 ,

341 951 421 989 quae
442 940 618 988 pinguior
635 967 647 983 ,
680 951 788 989 quam
812 941 906 978 uteri
921 940 1046 978 succus
1063 968 1073 981 ‚
1108 940 1258 977 celerius
1282 940 1319 975 in
1340 945 1504 976 naturam
1525 951 1682 990 amaram
1703 937 1865 976 transeat.

456 1019 568 1058 Oculi
595 1020 768 1058 humores
789 1023 824 1058 in
849 1021 954 1070 pullo
979 1019 1108 1058 slmiles
1124 1049 1134 1063 ‚
1169 1028 1212 1058 ut
1239 1022 1275 1057 in
1302 1019 1423 1057 adulta
1447 1031 1510 1056 ave
1535 1019 1615 1057 sunt
1636 1032 1643 1056 :
1681 1021 1718 1056 in
1745 1019 1898 1058 homine

341 1078 476 1115 rubore
501 1076 621 1114 suffusi
641 1077 670 1120 i)
692 1104 702 1119 ‚
732 1079 795 1127 qui
821 1079 929 1114 etiam
956 1079 994 1114 in
1021 1076 1092 1114 bile
1117 1076 1222 1114 color
1248 1077 1296 1115 est
1313 1105 1322 1119 ‚
1357 1077 1392 1113 &
1421 1077 1458 1112 in
1488 1076 1644 1113 humore
1674 1075 1864 1124 pericardii
1885 1103 1896 1118 ,

341 1134 475 1183 pleurae
493 1161 502 1176 ‚
535 1135 726 1182 peritonaei
747 1162 756 1176 ,
791 1134 827 1170 δι
849 1135 887 1170 in
914 1133 1079 1171 medulla.
1121 1133 1317 1182 suspiceris
1337 1132 1421 1169 inde
1441 1131 1654 1170 alimentum
1679 1133 1828 1170 humaui
1847 1132 1901 1169 fe-

343 1197 399 1228 tus
424 1189 506 1239 plus
532 1190 577 1226 de
604 1189 776 1239 sanguine
803 1191 915 1229 rubro
935 1191 1077 1229 habere.
1119 1189 1288 1242 Nigredo
1309 1190 1348 1227 in
1369 1189 1521 1227 oculum
1537 1189 1575 1233 k)
1599 1189 1662 1228 sub
1687 1189 1797 1228 finem
1826 1188 1900 1226 diei

344 1248 462 1296 quarti
486 1247 623 1296 irrepit.

457 1327 623 1366 Colorati
651 1328 825 1368 humores
855 1329 966 1379 paulo
993 1329 1075 1380 post
1100 1341 1197 1367 acres
1222 1327 1386 1374 fiuntl>;
1417 1339 1545 1367 omnes
1575 1327 1672 1364 enim
1710 1337 1759 1364 eae
1788 1325 1903 1375 quali-

345 1391 456 1427 tates,
483 1397 563 1433 quae
587 1385 702 1423 sensus
728 1386 959 1435 percellunt,
991 1399 1009 1423 a
1031 1386 1216 1435 particulis
1239 1387 1437 1433 majoribus
1455 1385 1536 1422 sunt
1554 1412 1564 1425 ‚
1584 1395 1663 1432 quae
1682 1386 1719 1420 in
1736 1381 1903 1421 dilatatos

347 1440 485 1478 canales
513 1441 546 1477 se
566 1448 757 1490 penetrant
776 1441 838 1485 m).
900 1441 971 1479 Sed
1008 1441 1189 1480 crassiores
1225 1442 1416 1492 particulas
1439 1439 1507 1480 effe
1535 1452 1682 1490 aequum
1710 1440 1760 1478 est
1779 1468 1790 1484 ,
1822 1450 1903 1490 quae

346 1498 511 1547 saporem
539 1497 677 1536 faciunt
700 1526 711 1542 ,
745 1500 930 1537 tenuiores
952 1526 962 1541 ,
995 1511 1075 1548 quae
1099 1499 1258 1548 tingunt.

667 1614 701 1656 ἓ.
734 1610 799 1649 IV.
860 1610 982 1649 Stlidae
1005 1616 1128 1659 partes
1158 1623 1203 1648 ex
1216 1609 1343 1657 fluIdis
1362 1606 1585 1660 formantur.

464 1698 661 1739 Difficilius
683 1701 797 1739 videri
820 1700 928 1751 poffit
948 1731 957 1745 ‚
991 1713 1037 1739 ex
1063 1701 1177 1739 fluido
1203 1701 1360 1740 humore
1386 1701 1616 1740 consistentes
1638 1700 1801 1739 animalis
1826 1711 1908 1751 par-

352 1764 428 1801 tes,
462 1757 613 1795 demum
641 1757 838 1796 durillimas
855 1787 866 1802 ‚
900 1759 937 1796 &
965 1758 1038 1808 ipsa
1063 1757 1136 1797 offa
1160 1759 1320 1796 formari.

1744 1812 1910 1853 Multum

393 1867 426 1901 a)
448 1867 575 1897 HAuvm
591 1878 617 1905 p.
635 1870 682 1903 64.
707 1868 836 1900 Anu-r.
851 1878 880 1907 p.
895 1877 942 1906 37.

394 1910 426 1943 b)
450 1908 482 1937 (3.
500 1918 525 1936 v.
544 1910 707 1939 Swm’rnN.
729 1912 882 1939 Comment.
905 1910 934 1938 in
958 1908 1075 1938 BoERH.
1093 1906 1192 1940 T.1V,
1208 1917 1236 1948 p.
1251 1911 1319 1946 658.

395 1954 423 1983 c)
446 1948 566 1984 Tertio,
584 1958 684 1986 quarto
699 1950 746 1979 die
761 1950 922 1980 Evmuao.
942 1959 971 1987 p.
993 1958 1055 1985 ¹37-

394 1991 427 2019 ά)
451 1988 479 2017 L.
496 1989 516 2018 l.
535 2000 563 2026 p,
578 1994 623 2020 26.
650 1990 761 2027 Quarto
777 1991 873 2021 mense
888 1990 982 2020 nullus
998 1990 1098 2028 adeps.
1115 1989 1184 2020 ibid.

397 2030 424 2061 e)
447 2028 479 2058 T.
495 2029 527 2058 ll.
547 2040 574 2067 p.
593 2040 658 2066 125.

393 2068 430 2107 f)
453 2069 488 2098 T.
504 2070 537 2099 ll.
553 2081 581 2108 p.
599 2076 749 2108 125.180.

395 2111 428 2147 ς)
452 2109 520 2140 ibid.

398 2152 431 2183 h)
454 2149 482 2179 L.
500 2150 608 2183 xxiii
626 2162 653 2190 p.
674 2162 739 2189 5⁴³-
758 2163 824 2190 544.

396 2193 423 2223 i)
447 2191 477 2220 L.
491 2192 568 2221 XVl.
587 2202 614 2230 p.
631 2203 697 2228 410.
723 2194 829 2223 Rom«
848 2199 929 2226 anat.
944 2192 1078 2234 beskrifn.
1093 2203 1123 2233 p.
1140 2198 1206 2233 138.
1229 2190 1343 2224 Recens
1359 2196 1427 2222 nato
1442 2189 1518 2223 oculi
1534 2190 1612 2223 rubri
1625 2189 1698 2222 sunt.
1720 2188 1804 2221 Fetui
1816 2189 1908 2221 multo

359 2231 501 2260 rubriores
525 2232 701 2264 Hiascuur.
717 2233 866 2272 alffinset.

399 2274 431 2302 ΑΓ)
454 2282 480 2308 ρ.
505 2277 569 2304 ιόο.

409 2313 434 2345 l)
458 2312 582 2342 Domum
596 2314 643 2344 die
658 2314 771 2344 decimo
784 2322 884 2352 quarto
895 2314 969 2345 bilis.
985 2325 1015 2354 p.
1032 2318 1097 2346 126.

399 2353 444 2430 nst)
465 2353 581 2422 kkilaenae
607 2356 685 2386 idem
712 2355 789 2386 fetus
811 2356 948 2386 maturior
967 2357 1047 2395 niger
1065 2378 1074 2394 ,
1098 2356 1146 2395 qui
1160 2354 1240 2386 albus
1257 2354 1312 2386 fuit
1328 2355 1397 2386 dum
1412 2356 1537 2386 tenerior
1567 2354 1691 2396 Histoire
1712 2354 1850 2385 natureae
1866 2354 1914 2385 des

360 2400 416 2432 pois
431 2404 482 2422 ons
506 2416 511 2422 .
526 2403 552 2424 c.
