1955 2732
271 135 507 175 SECTJJ.
568 133 930 176 PRIMORDIA
977 135 1134 176 NOVI
1176 136 1480 177 ANIMALIS.
1576 147 1650 185 163

96 251 219 281 natura
246 243 457 282 redduntur.
507 242 551 282 Et
572 243 727 283 musculi
753 245 862 282 etiam
881 245 921 283 in
945 244 1049 295 pullo
1073 245 1227 284 restituti
1255 245 1424 289 fuerunt,
1460 247 1497 284 ὃς
1524 247 1654 286 conso-

93 301 202 338 lidata
231 300 306 337 vasa
321 329 330 343 ‚
364 309 405 338 ut
426 300 557 350 repleri
582 303 772 350 potuerint
787 302 831 346 t).

206 381 248 419 ld
273 394 349 419 non
372 381 524 431 perinde
546 390 679 421 notum
697 411 706 426 ,
741 390 862 421 tamen
885 395 949 432 per
971 384 1220 432 experimenta
1244 386 1353 421 etiam
1378 384 1497 421 nostra
1520 385 1655 423 confir-

94 446 231 475 matum
259 439 333 480 est,
370 440 408 475 in
435 451 479 476 eo
515 439 608 477 calio
634 451 731 477 nova
764 439 839 477 vasa
860 440 898 483 n)
934 440 1119 482 subnasci,
1156 452 1276 489 neque
1306 443 1406 490 prius
1438 453 1540 478 novo
1572 442 1655 481 oiiis

94 496 323 533 imitamento
347 494 555 533 firmitatem
577 496 771 539 accedere,
805 508 915 546 quam
942 497 1084 544 sanguis
1111 497 1148 533 in
1177 509 1217 534 ea
1248 497 1324 535 vasa
1353 491 1418 535 fibi
1448 499 1543 535 viam
1568 511 1655 548 ape-

94 553 214 589 ruerit.
275 550 329 589 Ita
354 553 464 590 etiam
482 552 625 591 scutum
646 553 844 597 testudinis,
860 553 919 590 sed
938 555 1048 592 tertio
1079 553 1231 592 demum
1254 566 1363 598 anno,
1378 553 1514 593 renasci
1534 556 1650 595 viium

93 607 143 644 est
161 606 214 651 x).
505 612 508 615 '

206 688 277 726 Sed
303 690 413 728 etiam
439 690 554 729 aliena
576 704 595 728 a
618 703 776 741 corpore
800 692 925 729 nostro
948 702 1127 740 corpora,
1162 694 1199 729 in
1223 693 1382 730 nostram
1409 699 1574 730 naturam
1600 695 1654 731 in-

93 744 189 782 nasci
216 745 286 784 visa
316 746 398 785 sunt
417 776 427 790 ‚
462 756 503 786 ut
524 761 542 785 a
566 750 673 785 nobis
703 749 739 785 &
769 749 881 786 vitam
909 748 945 785 &
972 747 1202 797 sanguinem,
1222 750 1257 786 δι
1286 750 1444 798 denique
1467 750 1652 795 iensumy}

92 801 256 840 habeant.
317 803 510 842 Notissima
536 805 586 842 est
606 805 889 843 TAGLIACOTII
918 805 1110 847 industria,
1143 807 1207 855 qui
1231 805 1302 843 nasi
1329 805 1481 844 humani
1502 807 1655 845 indeco-

92 871 146 896 ras
175 860 324 906 jaouras
343 868 529 898 cruentata
549 863 717 900 cicatrice
733 890 742 905 ,
776 861 894 912 adque
915 874 994 900 eam
1014 861 1162 900 admota
1188 871 1271 900 cute
1285 891 1295 905 ‚
1325 863 1459 912 pariter
1490 874 1649 906 cruenta,

93 915 252 959 brachii,
285 917 332 954 ita
358 916 559 967 supplevit,
582 926 624 957 ut
643 919 819 968 paulatim
844 918 888 955 ad
909 918 1034 958 nasum
1056 918 1194 956 brachii
1220 919 1396 968 particula
1413 919 1651 963 inolesceret,

93 972 130 1009 ὃς
151 973 302 1010 demum
331 976 476 1023 penitus
495 974 540 1012 de
570 977 713 1025 origine
734 975 869 1013 abseera
892 978 1051 1018 viveret,
1084 982 1126 1013 ut
1161 977 1198 1012 in
1222 977 1395 1013 arborum
1424 974 1652 1013 ahlaffifflone

91 1027 142 1066 fit.
205 1028 284 1075 Qui
307 1038 535 1079 negaverunt
559 1035 875 1083 experimentum,
897 1033 1090 1071 manifestis
1113 1032 1264 1082 quidem
1279 1033 1494 1071 testimoniis
1509 1035 1551 1079 z)
1569 1033 1653 1083 pos-

94 1084 175 1123 sunt
194 1087 376 1125 convinci.

206 1166 340 1217 Neque
383 1169 583 1207 debuerant
616 1170 694 1209 haec
731 1183 828 1208 nova
862 1170 1006 1212 videri,
1037 1177 1102 1207 aut
1127 1171 1328 1220 peregrina.
1391 1171 1489 1209 Nam
1516 1171 1654 1220 ubique

91 1230 287 1262 cruentatae
316 1232 434 1273 partes
469 1225 620 1264 humani
652 1228 845 1277 corporis,
875 1227 922 1264 ad
956 1227 1039 1264 alias
1075 1227 1227 1275 perinde
1249 1227 1575 1275 sanguineolentas,
1590 1240 1654 1276 per

92 1279 276 1330 plusculos
298 1281 374 1319 dies
395 1281 567 1331 adpreffae
598 1284 815 1322 confervent
838 1312 848 1326 ,
878 1284 914 1320 &
937 1283 1218 1326 convalescunt,
1252 1283 1438 1332 digitio),
1472 1284 1563 1322 labia
1582 1283 1653 1320 dis-

92 1337 181 1431 [εὲἑεῖεὲ
201 1334 242 1386 h)
258 1366 268 1381 ,
299 1338 401 1377 nasus
431 1339 664 1379 detruncatus
689 1341 745 1387 c),
778 1341 815 1377 ὃς
837 1342 1017 1380 continuo
1037 1339 1239 1390 repofitus‚
1268 1352 1397 1380 manus
1412 1340 1451 1386 d)
1472 1353 1567 1392 pene
1593 1341 1656 1378 ab·

93 1393 142 1432 sci
170 1406 198 1432 a.

205 1474 373 1514 Demum
403 1478 652 1527 experimenta
678 1478 717 1515 in
741 1479 956 1516 animalibus
980 1478 1069 1516 facta
1092 1479 1355 1524 ostenderunt,
1388 1492 1523 1529 pennas
1546 1481 1656 1518 remi-

93 1544 156 1581 ges
182 1534 399 1582 accipitrum
423 1532 464 1583 ε)
485 1535 523 1571 in
543 1534 691 1572 vulnera
710 1537 783 1573 avis
807 1536 953 1574 insertas
981 1536 1303 1587 comprehendere.
1367 1537 1436 1574 Sed
1458 1539 1568 1575 etiam
1587 1549 1654 1575 un-

91 1601 183 1638 gues
198 1587 247 1640 f)
274 1589 421 1628 alterius
444 1591 606 1629 animalis
630 1593 668 1629 in
694 1594 876 1642 accipitris
901 1592 1051 1630 vulnera
1075 1593 1197 1631 inserti
1212 1593 1453 1632 adnascuntur
1468 1622 1478 1637 ,
1513 1595 1549 1630 &
1568 1594 1658 1631 ado-

832 1648 875 1687 X
906 1660 928 1687 2
1489 1650 1654 1688 lescunt:

134 1749 162 1785 t)
184 1749 232 1780 Du
247 1750 376 1780 HAMEL.
391 1752 486 1782 Mem.
503 1753 537 1781 de
550 1752 664 1783 l'Acad.
683 1755 767 1790 ¹746-
782 1762 810 1791 p.
827 1759 892 1790 348.

133 1791 168 1826 u)
190 1793 235 1821 De
250 1792 277 1820 la
288 1790 376 1829 jbrm.
392 1793 439 1821 dex
451 1803 488 1822 os.
502 1802 531 1831 p.
546 1803 592 1828 40.
609 1802 678 1830 255.
691 1797 759 1831 256.
777 1799 842 1831 258.
866 1794 1019 1825 fiumen.
1037 1793 1114 1832 apud
1136 1793 1278 1824 Rama.
1299 1795 1333 1823 de
1348 1795 1464 1825 articul,
1479 1801 1553 1825 tum.
1579 1794 1658 1825 Bon-

92 1839 225 1860 nmuvss
251 1832 328 1869 apud
353 1831 552 1863 Fouosaoux
569 1843 676 1872 p.237.

132 1871 167 1907 x)
190 1872 376 1902 OssxMssmN.
394 1873 454 1913 lust.
477 1876 524 1903 des
540 1882 640 1904 avant.
655 1877 678 1905 I.
701 1885 728 1912 p.
749 1885 795 1912 95.

126 1912 164 1949 y)
186 1912 276 1943 Nasus
290 1912 337 1943 ille
350 1915 487 1952 nuperior
501 1937 508 1950 ‚
528 1915 664 1952 quamdiu
681 1916 770 1946 ficcus
785 1921 862 1950 erat,
881 1914 1018 1945 insensilis
1035 1915 1166 1946 videtur:
1191 1915 1307 1953 quando
1332 1926 1401 1946 vero
1423 1926 1503 1946 nunc
1529 1915 1656 1946 nutritus

91 1951 283 1990 intumescit,
308 1953 419 1984 sensum
438 1964 591 1993 recuperat
620 1957 654 1986 H.
678 1956 811 1989 Panare.
839 1957 874 1985 ab
900 1957 1162 1992 AQUAPENDENT.
1184 1958 1218 1986 de
1245 1955 1362 1995 mnscul.
1393 1958 1432 1994 fic?
1454 1965 1540 1988 mter.
1557 1968 1584 1995 p.
1605 1967 1654 1992 ως.

91 1992 222 2023 Omnino
248 1995 291 2024 uti
313 1995 387 2025 cutis
412 2016 420 2030 ,
454 1997 515 2034 post
543 1997 751 2027 ambustionem
775 2004 895 2032 renata,
924 2007 984 2027 non
1007 1997 1099 2027 statim
1118 2020 1126 2033 ‚
1151 1996 1199 2027 sed
1221 2004 1319 2027 tamen
1345 2008 1411 2028 cum
1432 2006 1565 2036 ternpore
1592 1997 1656 2028 sen-

92 2031 154 2063 sum
174 2035 265 2064 tactus
287 2036 392 2074 recipit
421 2036 604 2068 Pramum.
618 2039 658 2068 du
670 2040 793 2068 tom-her.
809 2048 836 2075 p.
851 2043 897 2072 88.
1560 2064 1563 2067 .

131 2073 164 2110 z)
187 2076 320 2106 stlethod.
325 2076 405 2116 stud.
419 2079 491 2107 med.
509 2088 536 2116 p.
554 2087 620 2117 729.
645 2078 779 2109 FALLOP.
795 2081 828 2109 de
841 2080 964 2108 decorat.
982 2088 1010 2117 p.
1031 2088 1075 2116 19.
1095 2078 1132 2109 de
1149 2077 1275 2109 calabris.
1300 2078 1468 2110 Primus.
1485 2079 1568 2121 Jzstit.
1581 2080 1652 2110 chir.

91 2122 120 2152 1>-
139 2123 205 2152 379-
224 2121 288 2152 380·

131 2156 165 2191 a)
190 2155 307 2186 Cusus
324 2156 355 2187 L.
366 2157 400 2188 V.
420 2167 444 2188 c.
462 2164 509 2193 28.
529 2166 561 2190 ut
574 2159 611 2190 de
625 2158 674 2190 filo
687 2160 830 2197 penderet
850 2159 995 2190 FARMER.
1011 2170 1066 2190 cas.
1081 2169 1107 2198 3.

131 2196 164 2232 h)
188 2198 292 2227 Comm.
308 2200 367 2228 Lit.
384 2201 454 2229 Nor.
472 2209 537 2230 ann.
555 2210 640 2239 1740.
660 2202 740 2231 hebd.
762 2204 805 2231 16.

94 2275 100 2282 ι
132 2237 160 2271 c)
183 2236 376 2268 GLANDORF.
388 2241 462 2276 Spes.
476 2240 534 2270 obs.
553 2251 599 2271 20.
624 2241 841 2273 Moxmcfflm.
857 2240 915 2273 obs.
931 2248 977 2280 27.
1001 2242 1071 2273 Zod.
1086 2243 1171 2274 Med.
1189 2244 1257 2274 Gall.
1272 2244 1312 2274 II.
1328 2251 1356 2281 p.
1373 2251 1419 2282 ῖς.
1446 2243 1653 2274 GARnNano'r

91 2285 123 2305 m
142 2284 246 2315 operat.
283 2279 399 2308 Annas
415 2280 575 2319 orthope'die
598 2282 632 2313 T.
651 2283 685 2313 ΙΙ.
701 2291 731 2320 p.
746 2291 793 2321 70.
808 2291 854 2321 71.

131 2319 165 2354 d)
186 2317 397 2350 Bumorm.
415 2320 475 2359 hist.
491 2331 537 2358 75.
565 2325 640 2353 Cent.
659 2326 690 2355 V.

131 2357 159 2394 e)
180 2358 373 2390 Dnunrmus
393 2372 454 2391 cnr.
472 2365 558 2401 accip.
573 2373 602 2402 p.
615 2367 685 2397 600.

127 2397 168 2436 f)
189 2398 271 2430 Imm
290 2410 319 2439 p.
335 2405 403 2438 641.
423 2405 493 2441 ⁶09·
