1955 2732
312 99 396 137 282
793 89 889 130 LIB.
923 89 1070 131 XXIX.
1132 90 1161 129 F
1190 89 1221 130 E
1250 91 1284 130 T
1313 89 1349 130 U
1379 89 1414 129 S.

430 198 498 239 Vis
527 199 692 239 oscillans
721 199 901 242 vasorum,
923 212 942 237 a
963 197 1158 237 Romam
1176 200 1212 243 c)
1236 198 1410 237 WHYTT
1434 197 1576 238 laudata
1593 228 1605 242 ,
1636 200 1758 237 minus
1782 198 1843 237 hic
1859 227 1871 242 ,

316 270 427 308 quam
451 259 489 294 in
513 257 640 295 adulto
667 257 818 295 homine
836 256 968 306 *potest
990 285 999 299 ‚
1033 268 1117 294 cum
1141 255 1358 293 irritabilitas
1373 284 1381 298 ‚
1415 268 1434 293 a
1457 267 1526 305 qua
1550 256 1623 305 ipse
1647 257 1702 294 vir
1723 256 1776 294 cl.
1795 267 1876 294 eam-

315 317 392 353 vim
417 313 592 357 deducit,
625 314 795 351 nondum
815 342 825 356 ,
858 320 988 362 praeter
1007 312 1124 350 solum
1146 324 1211 350 cor
1225 341 1235 356 ,
1269 311 1465 361 conspicua
1484 311 1534 349 fit.

431 395 477 434 Et
502 396 579 433 satis
604 394 753 444 adparet
769 394 808 439 d)
829 395 937 432 etiam
956 396 994 432 in
1014 393 1140 432 adulto
1157 393 1330 437 animale,
1352 406 1462 443 quam
1488 405 1618 442 parum
1646 393 1690 431 ab
1720 393 1875 441 ejusmo-

318 453 357 492 di
383 454 421 490 vi
443 453 576 501 sperari.
602 459 711 501 queat
728 480 738 494 ‚
771 464 882 501 quam
902 451 1145 501 microscopia
1165 480 1178 495 ,
1208 463 1255 489 ne
1279 452 1318 488 in
1342 452 1434 490 rima
1460 450 1611 501 quidem
1633 451 1779 487 minimi
1802 448 1877 486 vas»

320 510 394 548 culi
420 507 520 546 incisi
538 537 551 551 ,.
580 508 753 557 detegant
773 507 819 555 e).

434 589 660 638 Vegetabilis
682 589 893 628 nutritionis
915 588 1127 638 exemplum
1151 588 1259 639 poffit
1276 588 1441 631 suadere,
1469 587 1627 637 aliquam
1649 589 1726 625 vim
1742 597 1879 635 expan-

322 647 441 685 dentis
466 647 595 684 caloris
605 646 653 694 f)
673 645 742 684 ess'e
758 674 768 689 ,
800 648 855 684 uti
880 655 977 684 certe
1003 646 1190 695 aliquanto
1225 646 1375 684 celerius
1404 646 1441 682 in
1468 644 1582 682 calida
1610 645 1726 681 aestate
1756 643 1878 692 pullus

323 704 516 742 incubatus
531 702 738 752 perficitur:
772 704 807 739 &
825 705 863 740 in
886 703 1024 752 frigore
1041 704 1170 751 majori
1184 702 1356 741 humores
1373 701 1544 740 animales
1568 701 1766 751 quiescunt.
1809 698 1881 737 Sed

325 760 506 799 ostensum
528 760 577 797 est
585 759 652 807 g),
683 760 847 798 celeriter
865 760 997 810 absque
1016 759 1137 798 calore
1154 762 1307 809 proprio
1333 759 1462 797 infesta
1495 758 1673 800 crescere,
1701 756 1814 806 pisces
1841 756 1880 793 in

324 817 464 855 boreali
485 828 625 854 oceano
646 817 778 866 absque
802 816 921 854 calore
943 818 1044 860 aeris,
1059 818 1153 854 inter
1175 816 1400 865 rigidiffimas
1423 815 1553 864 glaciei
1575 813 1703 851 insulas
1717 841 1726 856 ,
1760 815 1882 850 vivere

325 875 364 911 &
385 874 511 921 augeri
528 884 536 909 :
568 885 697 922 parum
718 885 807 922 ergo
829 872 919 916 effe,
939 873 1040 923 quod
1059 886 1077 910 a
1097 873 1218 911 calore
1239 881 1392 911 externo
1408 872 1535 921 speres.
1572 870 1763 908 Pullorum
1780 869 1882 918 equi-

327 930 413 967 dem
437 929 695 967 incubatorum
720 930 785 967 alia
805 930 853 967 est
870 931 962 967 ratio
974 958 984 972 ‚
1013 931 1145 979 quibus
1159 931 1286 979 uti-que
1304 942 1363 967 aer
1382 929 1430 966 est
1447 940 1516 977 pro
1533 929 1689 964 motrice
1704 926 1879 975 potentia,

325 987 419 1024 aeris
445 992 567 1024 autem
591 985 700 1023 elater
719 1014 729 1029 ,
763 987 801 1023 in
831 986 918 1024 loco
951 986 1071 1024 clauso
1093 1014 1105 1029 ,
1145 997 1164 1023 a
1189 986 1309 1024 calore
1330 991 1492 1034 augetur.
1553 983 1700 1032 Nempe
1736 983 1774 1019 in
1809 982 1889 1019 ani-

327 1042 422 1081 male
446 1055 465 1080 a
495 1049 610 1080 matre
633 1042 753 1080 soluto
778 1043 880 1080 causa
910 1044 1049 1080 motrix
1069 1043 1345 1094 requirebatur,
1381 1052 1461 1092 quae
1485 1039 1662 1078 viscidum
1684 1038 1856 1077 albumen
1870 1065 1882 1081 ,

328 1101 367 1137 ἀ
397 1098 613 1148 grumosum
638 1099 803 1136 vitellum
829 1107 1076 1149 promoveret.
1137 1099 1173 1137 Si
1196 1098 1324 1137 inseeta
1353 1103 1506 1137 externo
1534 1096 1653 1134 calore
1679 1102 1813 1145 egent,
1844 1100 1889 1134 ut

330 1157 554 1194 incrementa
581 1157 745 1205 capiant,
778 1164 820 1193 ut
847 1164 947 1194 certe
970 1169 1076 1205 egere
1103 1156 1274 1194 videntur
1290 1152 1337 1204 h)
1357 1183 1370 1199 ,
1400 1154 1437 1192 id
1461 1153 1590 1191 referas
1616 1159 1695 1190 tum
1716 1152 1761 1190 ad
1784 1150 1888 1189 visci-

331 1211 490 1250 disfimos
510 1240 523 1255 ,Α
553 1214 617 1262 qui
641 1214 679 1249 in
705 1212 787 1261 ipsis
815 1213 896 1250 sunt
925 1212 1100 1251 humores
1118 1214 1175 1261 i),
1198 1224 1293 1262 quos
1312 1211 1411 1250 calor
1432 1211 1521 1248 aeris
1542 1210 1693 1248 demum
1720 1207 1887 1249 resolvat,

333 1278 412 1307 tum
435 1269 479 1306 ad
503 1269 626 1307 cordis
644 1297 655 1312 ,
687 1277 749 1307 aut
772 1269 968 1307 absentiam
986 1271 1026 1314 k)
1042 1298 1053 1314 ‚
1084 1276 1148 1309 aut
1173 1270 1357 1306 minorem
1378 1270 1455 1306 vim
1470 1265 1514 1312 l)..
1543 1265 1622 1304 Alia
1643 1265 1753 1304 etiam
1770 1263 1852 1314 ipsis
1870 1290 1883 1305 ,

331 1338 452 1376 neque
477 1325 656 1364 vasculosa
678 1326 811 1364 fabrica
831 1327 880 1364 est
895 1328 958 1371 m).

444 1406 566 1446 Altera
585 1407 793 1455 vegetabilis
816 1408 987 1457 potentias
1003 1407 1053 1445 est
1071 1407 1207 1450 sufflo,
1237 1406 1334 1456 quas}
1359 1404 1584 1455 capillariam
1605 1401 1822 1442 tubulorum
1833 1398 1887 1444 n),

332 1475 404 1513 qua
427 1471 526 1501 certe
549 1463 622 1501 sola
649 1463 819 1502 videntur
844 1463 981 1502 radices
1002 1492 1016 1507 ,
1055 1464 1089 1501 &
1118 1466 1200 1514 pori
1224 1464 1339 1502 bibuli
1373 1463 1588 1500 alimentum
1622 1458 1786 1497 trahere:
1818 1468 1890 1506 qua

333 1520 407 1557 sola
437 1522 569 1570 pariter
586 1520 730 1558 videtur
753 1520 870 1559 homo
899 1521 1058 1558 adtratlo
1083 1533 1147 1569 per
1169 1520 1246 1558 vasa
1271 1521 1378 1559 laelea
1395 1518 1504 1568 chylo
1521 1517 1660 1555 nutriri.
1693 1514 1736 1554 Et
1752 1521 1891 1552 notum

335 1576 409 1619 est,
457 1578 565 1615 etiam
595 1589 659 1625 per
683 1589 723 1614 ea
744 1606 753 1621 ,
786 1589 865 1626 quae
889 1577 1005 1615 modo
1033 1576 1123 1614 dic‘ia
1145 1577 1225 1614 sunt
1244 1606 1253 1620 ‚
1288 1578 1325 1615 &
1355 1588 1419 1626 per
1448 1573 1620 1613 universae
1644 1579 1778 1609 naturae
1801 1580 1893 1608 con·
1928 1608 1929 1612 ,

335 1632 475 1670 sensum
498 1661 508 1677 ,
550 1633 725 1671 humores
759 1634 803 1671 ad
838 1633 949 1672 solida
984 1646 1138 1683 corpora
1166 1633 1431 1672 adhaerescere:
1465 1633 1503 1668 in
1529 1629 1678 1668 tubulos
1708 1627 1894 1677 capillares

336 1689 540 1739 plantarum
562 1690 767 1729 colorantes
787 1691 914 1729 succos
931 1691 1064 1741 absque
1081 1690 1193 1729 corde
1209 1691 1349 1729 adtrahi
1360 1688 1397 1739 o)
1417 1717 1428 1733 ,
1462 1688 1498 1725 δι
1524 1685 1735 1737 ΡεῐειΙοῐυιη
1757 1683 1895 1722 cando-

1813 1750 1897 1777 tem

384 1856 411 1893 e)
434 1855 526 1886 Etiam
549 1855 583 1885 in¹
602 1866 678 1886 nova
698 1857 827 1888 editione
851 1856 965 1887 suorum
988 1855 1188 1886 tentami'num:

377 1899 410 1929 d)
432 1896 514 1926 Cous.
535 1907 596 1934 quae
609 1898 644 1926 ad
662 1908 722 1928 eam
738 1899 795 1928 vim
811 1898 885 1928 dieta
899 1898 962 1928 sunt
988 1897 1016 1926 L.
1033 1896 1079 1926 lv.
1097 1906 1125 1934 p.
1144 1904 1211 1932 44²-
1229 1903 1299 1933 4432

378 1938 404 1973 ο)
426 1939 620 1968 λίοιιυειηρηῑ
635 1938 756 1978 dusttng
771 1949 799 1977 p.
817 1943 882 1976 236⁷
898 1944 964 1974 263.

371 1977 410 2016 s)
432 1977 515 2008 Conf.
532 1977 562 2008 L.
578 1978 624 2009 [V.
643 1989 668 2017 p.
683 1990 749 2017 437.
790 1979 831 2009 Ab
847 1989 880 2008 ea
896 1978 953 2008 sola
969 1978 1030 2008 fere
1046 1977 1128 2008 causa
1143 1982 1238 2007 motus
1262 1976 1292 2005 in
1322 1973 1426 2013 plantis
1449 1972 1490 2006 est
1518 1973 1687 2006 Nnmux
1707 1968 1903 2012 observatione

338 2020 516 2089 nouvellldes&
536 2028 604 2055 424.
623 2029 689 2050 cum
704 2021 851 2051 reaetione
865 2019 1018 2050 solidarum
1029 2020 1154 2058 partium
1168 2017 1340 2055 conjuncta..

376 2061 409 2099 g)
458 2083 462 2088 -
517 2083 522 2088 ·
537 2069 562 2096 Ρ.
577 2070 644 2094 44ς.

380 2101 413 2134 h)
430 2100 508 2170 ffugi
531 2107 590 2130 tota
610 2100 705 2131 hieme
723 2102 842 2132 immota
857 2100 1020 2139 langueant.

379 2148 404 2175 ι)
452 2163 458 2170 .
503 2164 510 2170 .
527 2151 555 2178 p.
576 2149 619 2178 ¹7·

379 2182 411 2218 k)
435 2180 605 2211 LYoNNET.
624 2183 718 2213 Anat.
734 2183 768 2212 de
784 2183 810 2212 la
828 2183 944 2213 Chenille
957 2183 997 2211 du
1010 2180 1101 2212 Saule.
1698 2214 1700 2216 Ι
1772 2214 1773 2217 ¹

381 2223 406 2258 I)
429 2221 461 2252 ln
478 2222 583 2252 eodem
600 2223 676 2253 enim
692 2226 717 2252 δι
738 2222 824 2261 longo
841 2223 938 2253 canale
954 2223 1058 2252 humor
1073 2229 1134 2250 non
1149 2219 1290 2250 continuo
1306 2218 1395 2249 dueta
1409 2239 1419 2257 ,
1443 2216 1497 2248 sed
1508 2214 1620 2247 alterne
1631 2212 1738 2247 surstsm
1751 2208 1898 2244 deorsum*

342 2272 398 2301 que
412 2262 528 2301 pellitur
562 2263 725 2293 Rumam
738 2263 771 2293 ll.
790 2274 874 2294 mem.
888 2266 914 2296 I.

381 2305 426 2337 m)
439 2303 520 2340 loen
544 2303 617 2334 ibid.

384 2345 417 2379 n)
441 2342 588 2375 ΒοΝΝΕτ.
608 2352 687 2382 corps
699 2343 839 2384 organistis
849 2345 872 2374 t.
887 2354 914 2382 p.
931 2347 978 2381 69.
996 2343 1072 2373 conf.
1087 2342 1117 2373 L.
1129 2341 1177 2372 IV.
1191 2350 1221 2379 p,
1239 2348 1309 2380 435.

386 2385 416 2421 o)
436 2383 470 2414 ln
484 2385 690 2424 experimentis
706 2385 749 2416 Cl.
765 2395 805 2416 LA
821 2385 932 2417 Bassa
955 2387 984 2416 &
1004 2383 1046 2415 cl.
1062 2383 1223 2414 Boxum.
