1955 2732
301 97 378 138 306
781 84 875 124 ΠΒ.
910 84 1056 123 XXIX.
1099 55 1146 123 'F
1177 84 1206 124 E
1235 84 1270 123 T
1299 84 1336 124 U
1363 85 1398 124 s,
1754 135 1765 165 Ι

301 205 404 250 parte
431 197 564 246 fungus
581 224 591 240 ,
622 201 684 233 aut
702 201 827 232 tumor
847 193 976 243 aliquis
995 205 1036 230 os
1053 194 1268 242 proximum
1289 195 1424 236 cranii,
1457 200 1518 231 aut
1537 195 1632 233 aliud
1645 194 1674 240 J>
1700 209 1741 234 os
1765 209 1866 236 com-

303 256 440 305 primit,
457 266 496 290 ea
514 253 593 290 sede
607 252 643 288 id
667 264 708 288 os
733 253 842 288 etiam
861 251 899 286 in
920 248 1046 286 adulto
1061 250 1212 286 homine
1234 249 1453 287 mollescere.
1487 250 1545 287 Sic
1561 254 1597 288 in
1615 253 1867 304 hydrocepha-

304 312 343 349 lo
367 309 439 349 offa
467 310 592 347 mollia
615 308 707 346 fiunt
723 307 774 351 m)
793 336 802 349 ,
841 307 878 343 Sc
907 305 1114 354 pellucida;
1151 308 1258 344 etiam
1279 307 1322 344 ab
1342 307 1588 356 aneurysmate
1604 309 1654 353 η).

642 424 675 465 §.
707 417 819 457 XXI.
882 415 948 454 Vis
979 417 1213 456 derivationis
1244 416 1290 459 ἓξ
1319 418 1532 467 revulfionis.

427 510 624 549 Subtiliora
647 510 708 547 ista
726 537 735 552 ,
772 510 808 546 Sc
836 508 1062 557 aliquantum
1089 508 1282 558 hypothesi
1306 509 1407 546 mista
1423 537 1433 552 ‚
1466 516 1588 547 tamen
1608 521 1779 559 magnam
1799 512 1868 549 mi-

313 570 352 607 hi
379 568 547 606 videntur
573 567 729 616 speciem
758 566 835 602 veri
863 564 1003 602 habere.

427 648 516 686 Vim
544 647 777 685 derivationis
806 658 901 684 voco
929 652 1170 694 augmentum
1196 647 1308 694 majus
1322 675 1332 688 ‚
1352 646 1454 695 quod
1474 647 1512 683 in
1530 653 1630 695 parte
1650 646 1768 696 aliqua
1786 660 1868 685 cor-

315 707 415 756 poris
431 704 591 742 animalis
605 702 985 753 supervenit,q11and0
1013 703 1079 740 alia
1097 716 1176 751 pars
1202 705 1276 751 ejus
1302 704 1468 752 corporis
1482 730 1492 745 ‚
1528 715 1765 741 communem
1782 716 1868 741 cum

316 763 431 812 priori
454 762 616 798 arteriam
640 762 827 797 nutritiam
843 760 1000 801 habens,
1022 760 1072 796 ob
1096 771 1354 809 quamcunque
1383 759 1545 801 causam,
1577 759 1676 797 suam
1702 761 1868 798 arteriam

316 825 377 856 aut
404 819 545 865 integre
573 818 732 859 amittit,
765 823 827 853 aut
853 823 950 854 certe
975 816 1093 853 multo
1119 819 1239 854 minus
1259 817 1367 853 habet
1389 815 1589 853 meabilem.
1652 816 1748 852 Mire
1766 828 1868 853 nem-

316 886 363 923 pe
391 874 611 911 commutari
639 872 820 921 sanguinis
851 873 918 909 iter
936 900 946 914 ‚
980 872 1015 907 δι
1043 873 1080 908 in
1097 874 1311 921 perexiguas
1335 873 1476 909 arterias
1498 872 1698 920 plurimum
1721 872 1868 909 decum-

316 931 421 972 bere,
444 928 591 978 quando
617 939 767 966 truncus
784 928 911 977 aliquis
934 929 1050 975 major
1074 930 1181 976 periit
1198 956 1207 970 ‚
1244 928 1438 965 ostendunt
1462 928 1701 976 phaenomena
1719 927 1867 970 brachii,

317 998 396 1035 quae
421 983 620 1023 succedunt
645 985 727 1036 post
749 985 945 1021 revineiam
972 986 1138 1021 arteriam
1163 984 1379 1021 brachialem
1396 1012 1405 1026 ‚
1440 996 1510 1033 qua
1523 984 1688 1021 musculo
1708 984 1870 1022 brachia-

306 1035 342 1079 ‘ii
374 1044 519 1078 interno
546 1041 735 1078 incumbit.
797 1040 956 1085 Quoties
977 1042 1074 1077 enim
1092 1039 1207 1077 homo
1233 1040 1437 1089 periculum
1458 1052 1657 1088 gangraeiiae
1678 1040 1866 1089 superavit,

318 1099 355 1135 δε
378 1100 450 1135 vita
467 1126 477 1139 ‚
512 1097 547 1134 ἃ
573 1096 671 1134 calor
690 1125 699 1139 ‚
734 1096 769 1132 ὃς
793 1096 914 1145 pulsus
940 1098 977 1133 in
1011 1108 1160 1133 manum
1189 1097 1283 1133 redit
1299 1125 1309 1138 ,
1343 1104 1384 1134 ut
1412 1096 1452 1133 fit
1479 1109 1556 1133 non
1583 1096 1830 1146 infrequenter
1855 1124 1865 1139 ,

317 1163 407 1192 tunc
433 1153 583 1203 quidem
611 1152 771 1202 repulsus
799 1165 817 1189 a
844 1153 961 1190 vincia
985 1154 1110 1190 arteria
1137 1152 1317 1200 sanguinis
1342 1153 1531 1190 deri-vatur
1557 1153 1594 1189 in
1624 1153 1789 1189 arteriam
1807 1152 1870 1189 ali-

318 1222 427 1259 quam
457 1221 502 1246 ex
527 1210 642 1246 tribus
666 1207 703 1252 a)
724 1210 992 1247 recurrentibus
1010 1237 1019 1251 ,
1053 1221 1140 1257 quas
1161 1209 1245 1245 alibi
1266 1208 1430 1257 descripsi
1449 1237 1458 1251 ,
1492 1221 1644 1257 eamque
1669 1208 1804 1257 replet,
1827 1215 1869 1246 ut

316 1265 451 1304 ulnaris
478 1273 628 1303 truncus
658 1265 722 1303 sub
750 1265 899 1302 vinculo
929 1277 1030 1303 novo
1053 1265 1233 1314 languinis
1257 1273 1465 1302 commeatu
1485 1264 1646 1302 habetur.

431 1345 518 1384 Hoc
540 1358 639 1384 nunc
662 1346 777 1383 modo
797 1353 890 1395 puto
911 1347 1046 1395 pelvim
1061 1375 1070 1389 ,
1106 1347 1141 1383 &
1166 1345 1287 1395 pedeS,
1310 1358 1329 1383 a
1353 1352 1459 1395 partu
1484 1345 1688 1383 increscere.
1722 1343 1871 1382 Arteriae

318 1402 542 1442 umbilicales
554 1402 724 1450 ,ligantur
746 1415 753 1439 :
785 1402 967 1440 funiculus
985 1430 995 1445 ,
1023 1414 1132 1452 quem
1157 1402 1303 1439 adibant
1318 1431 1328 1445 ,
1359 1402 1544 1439 celerrime
1560 1430 1570 1444 ‚
1602 1401 1700 1451 quali
1726 1401 1869 1439 exustus

320 1458 475 1507 disperit.
537 1457 636 1506 Ergo
668 1458 809 1505 sanguis
839 1459 876 1494 in
903 1457 1043 1495 iliacam
1074 1470 1311 1496 communem
1338 1460 1503 1495 arteriam
1533 1459 1650 1495 nitens
1679 1458 1808 1504 majori
1833 1458 1870 1493 vi

320 1517 425 1552 irruit
450 1515 486 1550 in
516 1515 680 1551 arteriam
707 1515 847 1551 iliacam
884 1521 1070 1551 externam
1095 1543 1104 1556 ‚
1147 1526 1227 1563 quae
1258 1515 1347 1551 liber
1367 1514 1479 1551 iliacae
1516 1515 1723 1552 communis
1749 1524 1869 1550 ramus

322 1571 370 1608 est
390 1569 431 1619 h)
453 1598 463 1613 ‚
497 1581 649 1619 eamque
672 1582 773 1607 novo
799 1570 979 1617 sanguinis
1001 1578 1210 1607 commeatu
1234 1577 1413 1619 perpetuo
1439 1569 1571 1608 dilatat.

433 1650 609 1689 Crescunt
632 1663 721 1699 ergo
738 1679 747 1694 ‚
781 1662 860 1699 quae
885 1650 1009 1687 mollia
1033 1650 1135 1694 sunt,
1169 1652 1204 1687 &
1226 1663 1353 1700 parum
1380 1658 1541 1694 matura,
1575 1651 1735 1692 femora,
1760 1649 1867 1692 tibiae,

321 1707 430 1757 pedes
451 1720 458 1744 :
492 1707 527 1743 ὃς
553 1707 645 1744 fetus
666 1735 674 1749 ‚
709 1708 773 1756 qui
796 1708 949 1744 omnino
973 1709 1141 1750 natabat,
1174 1714 1252 1744 tum
1274 1707 1388 1744 infans
1403 1735 1413 1749 ‚
1433 1708 1496 1756 qui
1517 1708 1664 1757 repebat
1682 1736 1692 1750 ‚
1713 1718 1778 1755 per
1795 1705 1869 1743 hoc

321 1764 435 1811 majus
456 1764 603 1801 femoris
638 1763 850 1799 alimentum
881 1764 917 1799 in
940 1764 1071 1800 animal
1102 1764 1228 1812 bipes,
1262 1764 1297 1799 ἃ
1327 1762 1465 1812 greffile
1488 1763 1590 1806 abit,
1625 1776 1699 1813 quo
1722 1762 1799 1800 solo
1830 1763 1870 1798 in

323 1820 409 1857 statu
433 1826 565 1856 naturae
589 1819 769 1856 dominari
791 1819 915 1867 potest.

436 1899 575 1937 Eodem
598 1911 697 1937 nunc
718 1899 836 1942 redit,
870 1899 1018 1949 quando
1040 1912 1226 1937 ramorum
1249 1900 1337 1937 alter
1363 1911 1439 1936 non
1471 1899 1617 1948 quidem
1640 1900 1772 1947 periit,
1809 1896 1869 1934 sed

323 1958 443 1993 minus
470 1963 590 1992 tamen
618 1955 778 1992 meabilis
802 1955 911 1992 satius
937 1956 994 1992 est.
1055 1956 1163 1994 Tunc
1186 1958 1281 1992 enim
1301 1968 1365 2004 per
1385 1955 1502 2003 legem
1518 1984 1527 1997 ‚
1560 1966 1623 2003 per
1641 1955 1869 2003 experimen-

322 2019 356 2049 ta
384 2012 502 2048 nostra
530 2011 780 2049 confirmatam
800 2039 810 2054 ,
843 2011 982 2059 sanguis
1007 2015 1046 2050 in
1074 2012 1284 2050 liberiorem
1313 2014 1478 2049 arteriam
1505 2013 1644 2059 integra
1673 2013 1706 2048 vi
1733 2011 1865 2052 irruit,

322 2080 341 2105 a
369 2068 546 2105 reiistente
570 2075 702 2105 trunco
723 2069 872 2104 aversus

360 2184 385 2219 Ι)
408 2185 514 2213 Friiuk’.
530 2184 660 2214 muner-k.
676 2183 709 2212 T.
723 2181 768 2212 VI.
788 2193 815 2220 p.
836 2193 897 2218 1³2-
1810 2208 1811 2211 ,

363 2228 406 2255 m)
422 2224 580 2253 Ollificaiio
601 2223 740 2252 destructa
763 2226 788 2252 &c
811 2223 905 2253 flexile
927 2224 1055 2254 cranium
1070 2247 1078 2261 ,
1102 2232 1203 2262 praeter
1228 2224 1310 2254 fibras
1335 2224 1421 2254 offeas
1449 2233 1501 2261 per
1532 2222 1726 2253 membranam
1741 2222 1864 2260 sparsas,

323 2266 418 2295 disent.
436 2267 482 2293 des
499 2267 609 2294 Savans
627 2257 801 2301 etrzrtzg.1V.
819 2273 848 2300 p.
864 2268 931 2300 463.
947 2268 1015 2300 464.

366 2315 398 2339 ns
419 2305 533 2333 Sroxix'.
546 2315 616 2332 uun.
630 2306 669 2334 ΙΙ.
691 2313 716 2338 p.
738 2312 804 2337 27¹·

364 2345 394 2378 a)
418 2346 493 2373 [(011.
512 2350 590 2372 curat.
603 2342 671 2382 firji'.
689 2345 736 2373 VI.
755 2343 788 2371 T.
803 2343 835 2372 V.
854 2345 878 2372 ἅ
897 2343 1029 2372 iiz'arti’r.
1046 2352 1117 2380 corp.
1133 2350 1183 2373 tot.
1196 2343 1261 2382 pqst.

364 2385 395 2420 h)
419 2384 501 2415 cous.
526 2386 604 2421 offer.
621 2394 694 2413 mm.
708 2385 739 2412 de
754 2392 834 2412 motu
838 2382 1001 2422 sangui-315.
1020 2395 1079 2421 exjx
1099 2395 1141 2417 54.
