1955 2732
291 2145 313 2166 ι’

318 115 413 157 276-
791 106 886 147 LJB.
911 106 1060 147 XXIX.
1120 108 1148 148 F
1177 108 1206 148 E
1236 108 1270 147 T
1300 109 1333 148 u
1364 109 1396 148 s,

318 224 362 263 ad
391 222 530 261 sensum
565 222 774 261 faciendum
808 223 857 262 est
889 222 1037 261 neceffe.
1098 222 1182 261 Post
1218 224 1362 261 vincula
1394 224 1548 272 injesta,
1583 225 1621 263 <Sc
1652 224 1885 276 aneurysma,

321 293 434 319 nemo
466 280 556 317 vidit
580 281 704 318 sanum
725 309 734 323 ‚
768 280 1012 318 medullosum
1031 308 1040 322 ‚
1074 293 1229 318 nervum
1254 280 1402 324 renasci,

437 361 550 400 Vides
565 391 573 404 ,
610 374 686 411 quo
711 361 788 399 haee
812 361 971 398 tendant.
1006 362 1103 399 Cum
1124 363 1260 400 arteriae
1282 362 1464 400 musculos
1484 362 1655 406 habeant,
1681 365 1718 401 &
1733 377 1888 403 nervos:

324 431 411 458 cum
443 431 561 467 neque
600 418 687 455 fibra
716 418 925 455 mulbularis
951 427 1185 467 regeneretur
1204 447 1213 462 ,
1249 432 1369 469 neque
1390 432 1543 463 nervus,
1566 433 1643 459 non
1671 421 1812 460 videtur
1832 434 1888 460 ar-

324 479 414 514 teria
440 487 488 512 ex
519 474 688 512 cellulosu
710 474 781 512 tela
805 475 985 524 perforata
1012 475 1107 513 nasci
1129 474 1294 525 potuisse.

441 556 486 594 Et
512 555 664 605 paulum
689 556 883 594 meditatus
901 585 911 600 ,
943 569 1020 594 non
1046 557 1226 605 intelliget
1247 586 1256 600 ,
1289 564 1331 595 ut
1357 559 1520 607 potuerit
1544 548 1670 596 arteria
1696 571 1741 597 eo
1771 558 1888 597 modo

330 613 516 662 compacta
534 641 543 655 ‚
573 612 853 662 circumpositos
880 626 1010 651 nervos
1036 613 1100 651 fibi
1125 615 1298 662 accipere.
1360 615 1475 652 Nervi
1503 617 1624 657 enim,
1659 615 1684 652 fi
1712 628 1791 665 quae
1821 616 1889 653 alia

328 683 410 720 pars
431 671 597 718 corporis
616 670 720 712 fetus,
741 671 851 719 primi
870 671 1055 708 struuntur
1071 699 1081 713 ‚
1113 679 1153 708 ut
1176 672 1285 720 primi
1305 671 1453 714 adsunt,
1480 672 1536 708 vel
1558 684 1603 708 ex
1621 672 1765 720 grandis
1791 673 1889 721 capi-

328 729 374 764 tis
392 755 401 769 ‚
433 726 653 775 grandisque
681 727 850 764 medullae
880 727 1022 777 spinalis
1047 727 1229 777 exemplo.
1277 727 1345 765 Sed
1372 740 1416 765 eo
1441 734 1609 777 tempore
1629 757 1638 771 ‚
1671 736 1712 766 ut
1737 729 1814 766 vult
1835 729 1889 765 vir

328 783 384 821 Cl.
409 783 516 820 nullae
538 782 687 820 fuerunt
711 785 847 821 arteriae
870 812 880 826 ‚
915 783 977 821 etfi
1000 785 1152 833 embryo
1172 812 1182 826 ,
1217 785 1253 821 δε
1277 785 1468 822 cerebrum
1484 813 1496 830 ,
1530 786 1566 822 ὃς
1590 785 1748 823 medulla
1771 785 1890 835 spina-

328 839 371 877 lis
400 839 516 876 adfuit
536 841 588 882 m)
614 868 625 883 ,
653 840 784 889 absque
807 841 1030 878 carotidibus
1045 869 1055 884 ‚
1088 841 1220 890 absque
1243 849 1352 878 aorta.

443 919 533 958 Haec
558 919 765 959 theoretica,
814 921 977 967 Quando
1007 935 1096 959 vero
1122 929 1288 960 accurate
1312 922 1460 971 relego,
1493 935 1572 972 quae
1603 922 1694 960 fiunt
1718 923 1755 959 in
1785 921 1890 970 pullo

331 979 393 1016 ovi
415 978 576 1014 incubati
590 1007 599 1020 ‚
626 977 704 1014 satis
723 977 830 1015 video
854 980 998 1016 arterias
1021 978 1211 1022 (venasve)
1226 991 1303 1015 non
1322 981 1488 1027 generari
1509 991 1572 1028 per
1589 979 1746 1028 aliquem
1764 977 1890 1016 senfim

327 1034 551 1084 procinetum
585 1034 751 1075 humoris
779 1036 873 1072 inter
900 1035 1068 1073 cellulosa
1097 1035 1206 1085 spatia
1232 1034 1470 1084 progressum.
1501 1036 1693 1084 Sanguinis
1710 1036 1809 1073 rubri
1826 1047 1891 1084 pe-

329 1092 576 1129 netrationem
601 1090 693 1128 vidit
720 1091 775 1129 Cl.
802 1090 1008 1129 &Vorrlus
1029 1091 1070 1136 n)
1102 1120 1112 1135 ‚
1161 1093 1224 1141 qui
1246 1092 1372 1129 senfim
1399 1104 1418 1129 a
1446 1092 1557 1129 corde
1588 1093 1626 1129 in
1650 1094 1890 1130 remotiorem

330 1149 466 1185 arteriae
487 1154 627 1197 partem
649 1149 716 1185 iter
737 1147 842 1186 suum
861 1155 991 1197 urget:
1025 1149 1062 1185 δε
1086 1149 1189 1198 quod
1212 1148 1382 1186 nondum
1405 1148 1449 1185 de
1470 1148 1555 1186 valis
1586 1149 1759 1186 struitum
1787 1155 1890 1197 puta-

330 1205 383 1242 vit
408 1232 417 1246 ,
450 1203 487 1240 id
508 1205 616 1241 unice
634 1204 703 1241 fuit
733 1206 867 1242 minori
883 1205 1082 1242 rubrorum
1105 1205 1346 1253 globulorum
1370 1206 1477 1254 copia
1501 1206 1682 1254 irriguum
1702 1204 1760 1248 0):
1784 1205 1892 1242 novi-

331 1273 413 1297 mus
445 1261 543 1297 enim
570 1260 806 1310 inconspicua
833 1274 873 1299 ea
902 1261 979 1299 vasa
1006 1260 1074 1298 effe
1093 1290 1102 1304 ,
1131 1274 1210 1311 quae
1234 1262 1278 1298 ab
1303 1263 1409 1299 unica
1440 1261 1526 1298 serie
1556 1263 1663 1298 etiam
1693 1262 1891 1299 rubrorum

331 1316 571 1366 globulorum
595 1325 867 1367 percurruntur.
929 1318 1186 1356 membranam
1210 1318 1348 1356 summa
1381 1319 1535 1355 tenuitas
1563 1317 1724 1356 occultat
1746 1346 1757 1361 ,
1791 1317 1893 1366 quod

333 1375 443 1411 etiam
465 1375 504 1410 in
532 1376 627 1411 ranis
656 1372 786 1412 adultis
815 1375 986 1424 frequens
1009 1375 1058 1412 est
1075 1404 1084 1417 ‚
1116 1382 1158 1412 ut
1181 1375 1246 1412 soli
1267 1375 1410 1424 globuli
1430 1374 1698 1424 conspiciantur
1710 1372 1761 1422 p).
1807 1373 1851 1411 Et
1867 1372 1894 1410 fi

332 1431 371 1467 in
397 1431 490 1467 ranis
520 1429 640 1467 nullos
666 1430 833 1468 vasorum
853 1432 1005 1479 parietes
1028 1430 1096 1468 effe
1122 1431 1176 1469 Cl.
1204 1433 1258 1468 vir
1287 1431 1474 1480 reposuit,
1507 1438 1605 1468 certe
1627 1443 1704 1468 non
1730 1430 1894 1468 adtendit

332 1486 378 1523 ad
409 1486 645 1523 constantiam
672 1488 808 1525 itineris
833 1487 1072 1535 globulorum
1097 1487 1378 1535 sanguineorum
1395 1515 1405 1530 ‚
1440 1488 1503 1536 qui
1531 1487 1694 1536 plurimo
1723 1494 1895 1536 tempore

334 1543 507 1580 eumdem
540 1543 692 1581 trastum
718 1543 944 1593 sequuntur,
977 1544 1013 1580 ἃ.
1036 1544 1134 1581 recto
1165 1544 1275 1582 duc'tu
1306 1545 1342 1581 ἃ
1368 1543 1520 1580 inverso.

449 1623 547 1672 Ergo
568 1653 578 1666 ‚
610 1631 652 1662 ut
674 1637 738 1673 per
762 1624 899 1673 fingula
931 1637 1052 1663 eamus
1072 1654 1081 1668 ,
1114 1625 1192 1662 vasa
1218 1625 1332 1663 vitelli
1353 1624 1523 1663 venosam
1539 1623 1692 1673 figuram
1712 1624 1892 1666 facientia,

334 1680 476 1718 dudum
499 1681 693 1718 adfuerunt
709 1710 718 1724 ,
753 1682 788 1718 &
811 1683 933 1731 prius,
959 1694 1068 1731 quam
1093 1681 1234 1730 sanguis
1255 1683 1322 1720 suis
1346 1695 1430 1720 cum
1447 1680 1607 1730 globulis
1622 1693 1667 1719 eo
1691 1681 1829 1718 veniret
1843 1681 1891 1727 q).

336 1738 453 1775 Unice
480 1737 680 1775 occultavit
703 1750 742 1775 ea
768 1738 921 1787 pallidus
939 1767 949 1781 ,
983 1751 1059 1788 quo
1092 1739 1346 1788 replebantur,
1367 1738 1510 1776 humor.
1571 1737 1670 1776 Hinc
1695 1736 1895 1775 microsco-

334 1795 439 1844 pium
465 1806 504 1831 ea
527 1793 669 1843 detegit
685 1823 695 1837 ‚
732 1795 881 1844 quando
906 1796 1085 1832 inermem
1109 1795 1261 1832 oculum
1281 1797 1429 1844 fugiunt
1448 1795 1494 1839 r).

447 1875 563 1914 Porro
595 1888 680 1913 cum
707 1876 784 1913 vasa
815 1876 939 1924 figurae
968 1876 1082 1913 vitelli
1115 1888 1213 1913 venze
1243 1875 1309 1913 fint
1334 1875 1392 1920 s),
1425 1888 1509 1913 nam
1542 1876 1669 1913 arteria
1703 1874 1801 1912 nulla
1832 1873 1895 1912 da-

336 1940 419 1974 tur,
453 1944 532 1981 quae
558 1932 737 1970 circulum
766 1935 804 1970 in
829 1932 954 1970 vitello
982 1933 1112 1976 faciat,
1142 1932 1277 1970 habent
1299 1934 1390 1970 adeo
1416 1932 1517 1970 suum
1537 1939 1682 1969 motum
1708 1944 1728 1968 a
1752 1931 1895 1969 radicu-

336 1989 380 2027 lis
405 1990 610 2028 minoribus
625 2018 637 2033 ,
669 2002 746 2028 non
771 2001 793 2027 a
819 1991 977 2033 truncis,
1010 2001 1075 2039 per
1100 2001 1341 2028 commu-nem
1371 2001 1544 2028 venarum
1568 1996 1744 2026 naturam.

1702 2077 1893 2117 Deberent

378 2135 421 2169 m)
437 2133 550 2165 Wonr.
564 2144 592 2173 p.
611 2136 658 2169 86.

374 2177 410 2206 nl
432 2185 459 2210 p.
476 2184 522 2211 73.
539 2184 585 2212 77.
606 2177 661 2207 ἃς.

377 2216 407 2253 ο)
430 2215 497 2246 Vidi
521 2215 622 2246 eadem
646 2213 745 2254 passim
768 2213 858 2253 fbrm.
881 2216 922 2245 du
944 2218 1037 2254 pozdet
1051 2216 1073 2247 1.
1093 2226 1122 2254 p.
1145 2227 1191 2253 4¹-
1217 2225 1343 2253 45,-53‚
1367 2225 1411 2253 ςς.
1440 2218 1488 2247 61.
1514 2218 1561 2246 66.
1585 2218 1632 2250 86.
1660 2213 1730 2244 hora
1744 2216 1781 2250 69
1803 2221 1830 2250 p.
1847 2221 1893 2252 39.

374 2258 408 2295 p)
435 2258 516 2295 Opsr.
535 2258 606 2287 min.
624 2258 657 2287 ιΙθ
670 2254 840 2295 nznrzcsimg.
859 2254 921 2295 diss]
937 2260 958 2287 I.
976 2267 1012 2286 ex
1029 2268 1053 2294 p.
1077 2269 1118 2288 ιι,
1143 2267 1206 2295 134.

378 2298 410 2337 ᾳ)
434 2300 530 2327 Form.
548 2299 696 2336 dupoulct
707 2300 730 2327 Ι.
750 2297 806 2326 obs.
824 2306 866 2330 241
890 2299 956 2327 bora
975 2303 1015 2332 36.
1045 2298 1146 2336 figura
1160 2297 1264 2329 venosa
1278 2296 1341 2327 alba
1356 2297 1474 2335 adparet
1490 2296 1561 2328 hora
1577 2305 1620 2333 5²·
1642 2305 1672 2333 p.
1691 2304 1737 2332 ςι.
1760 2293 1830 2325 hora
1845 2297 1892 2324 60.

338 2346 366 2374 p.
385 2341 434 2372 86.
450 2338 555 2375 pallida
569 2337 638 2367 hora
651 2349 699 2376 45.
714 2347 741 2375 p.
766 2342 812 2372 56.
839 2337 908 2368 hora
924 2343 969 2375 69.
987 2350 1018 2376 p.
1032 2345 1079 2376 98.

381 2387 408 2409 r)
433 2388 458 2416 p.
474 2389 521 2414 09.

380 2421 404 2455 J)
428 2428 456 2456 p.
474 2428 520 2456 70.
535 2424 582 2454 82.
599 2424 646 2453 88.
662 2422 709 2454 96.
727 2428 792 2457 107.
807 2420 862 2449 stc.
