1955 2732
513 112 1336 156 SECTLCONCEPTIO.
1649 123 1697 151 u

150 228 191 265 in
203 224 397 276 plerisque
401 225 620 274 coniugium
638 224 738 261 unici
757 222 800 260 fit
819 224 933 266 veris,
966 224 1003 260 in
1018 222 1189 261 columba
1211 228 1333 259 tamen
1353 231 1446 270 pene
1466 227 1697 271 perpetuum.

151 282 251 321 Inter
272 282 506 333 quadrupeda
530 280 624 318 solus
644 281 759 317 castor
785 280 867 328 justi
893 280 1057 328 conjugii
1074 277 1222 316 vinculo
1246 285 1399 316 tenetur

263 372 418 422 Reliqua
438 370 603 409 animalia
619 398 628 412 ‚
663 378 725 408 aut
743 371 890 408 obviam
912 369 1086 406 feminam
1112 368 1335 419 sequuntur,
1367 373 1430 406 aut
1455 367 1707 417 polygamiam

154 437 348 471 exercent,
377 429 415 465 δε
443 427 617 476 plusculas
643 426 792 463 feminas
816 433 1065 473 congregant,
1101 427 1232 475 quibus
1250 426 1379 463 unicus
1403 436 1479 461 mas
1497 424 1705 472 imperitat,

155 485 338 523 orientalis
361 485 535 533 principis
558 482 688 520 similis.
736 483 906 532 Princeps
921 484 1015 520 inter
1033 495 1115 520 aves
1134 482 1248 530 gallus
1267 481 1342 520 huc
1361 481 1520 531 pertinet
1541 507 1552 522 ,
1584 479 1622 515 ἃ
1645 479 1709 528 qui

156 543 231 588 ejus
254 538 361 578 classis
382 540 472 577 sunt.

267 630 366 668 Inter
384 630 616 680 quadrupeda
642 631 803 678 gregaria
815 629 846 674 1²)
872 636 993 667 taurus
1014 628 1063 665 est
1078 657 1088 671 ‚
1107 641 1222 678 equus
1239 657 1249 671 ‚
1281 629 1369 667 aries
1388 657 1397 671 ‚
1431 626 1531 665 ursus
1550 626 1710 663 marinus

157 698 202 725 ex
221 687 349 736 phocae
372 699 530 735 genere,
563 688 671 724 etiam
695 687 734 722 in
764 699 808 724 eo
845 696 1085 736 tyrannorum
1116 685 1261 728 finistis,
1294 684 1398 735 quod
1427 685 1501 721 acri
1523 682 1711 732 zelotypia

158 750 321 781 teneatur
338 771 348 786 ,
381 743 417 780 &
436 755 507 792 pro
531 743 600 781 suis
623 743 840 780 concubinis
864 743 1060 792 depugnet.

266 832 338 871 Sed
363 833 495 871 dantur
518 834 553 870 ὃς
571 833 636 870 alia
656 833 821 871 animalia
838 833 996 882 gregalia
1012 861 1022 875 ‚
1055 833 1093 870 in
1121 827 1253 882 quibus
1279 838 1404 869 natura
1428 830 1553 868 sexum
1573 839 1713 867 marem

159 890 276 928 multo
294 890 440 927 uberius
466 889 665 938 produxit,
698 897 739 927 ut
763 889 909 938 plurimi
935 889 979 926 ad
1005 900 1115 926 unam
1140 889 1314 926 feminam
1339 890 1413 925 nati
1443 886 1519 923 sint.
1579 884 1713 924 Exem-

159 946 262 995 plum
287 947 335 983 est
360 948 396 983 in
422 958 532 995 apum
553 958 709 995 genere,
746 947 782 982 in
804 946 935 995 quibus
957 945 1001 983 ad
1020 957 1150 994 paucas
1169 946 1319 983 feminas
1333 974 1344 989 ‚
1378 955 1534 995 quarum
1554 943 1661 980 unica
1677 942 1714 978 in

160 1002 314 1040 alveario
344 1002 515 1051 superstes
545 1005 666 1045 vivat,
699 1002 956 1052 quadringenti
980 1002 1061 1040 sunt
1080 1014 1196 1039 mares
1216 1001 1266 1045 u).

272 1091 344 1129 Pro
373 1104 412 1129 ea
438 1104 537 1129 nunc
564 1091 765 1129 diversitate
785 1092 996 1130 animalium
1021 1099 1145 1130 natura
1169 1091 1334 1130 stimulos
1350 1089 1396 1128 ad
1420 1101 1592 1128 venerem
1610 1086 1687 1126 aliis
1702 1115 1714 1131 ,

163 1148 308 1197 aliisque
327 1147 448 1184 modis
474 1150 712 1196 temperavit,
743 1148 908 1197 undique
925 1147 1184 1197 sapientiffima.

274 1237 317 1276 In
333 1237 547 1275 animalibus
564 1239 737 1286 gregariis
754 1266 763 1280 ,
797 1249 958 1287 quorum
985 1237 1116 1276 multas
1142 1237 1292 1275 feminas
1322 1237 1451 1275 unicus
1477 1247 1554 1273 mas
1583 1232 1718 1272 fibisu-

162 1295 255 1337 mit,
287 1296 499 1332 acerrimam
524 1297 660 1332 veneris
684 1294 898 1343 cupidinem
921 1295 1010 1331 mari
1035 1293 1199 1338 deditssx)
1217 1322 1227 1337 ,
1259 1294 1410 1332 feminas
1435 1293 1592 1338 castasy)
1609 1291 1716 1334 fecit,

164 1362 243 1400 quae
263 1352 383 1388 invitae
413 1351 447 1388 se
471 1353 593 1388 veneri
616 1351 853 1394 submittant,
887 1352 925 1387 Sc
958 1363 979 1387 a
1012 1362 1111 1388 mare
1144 1349 1242 1399 quasi
1275 1349 1407 1387 coactae
1429 1377 1439 1392 ,
1472 1348 1595 1398 quales
1627 1346 1721 1385 Ho-

165 1416 368 1444 miznicffi
400 1408 491 1445 olim
520 1406 631 1444 Dm
656 1407 828 1449 fuerunt,
860 1419 948 1456 quas
975 1406 1019 1443 ad
1044 1407 1274 1444 connubium
1293 1418 1380 1444 cum
1402 1405 1619 1443 mortalibus
1645 1400 1723 1453 JU-

166 1475 316 1500 PiTER
341 1463 580 1501 damnaverat.
643 1462 703 1501 De
730 1475 835 1501 cerva
859 1463 1110 1500 testimonium
1133 1463 1246 1500 exstat
1266 1461 1320 1507 z).

278 1553 349 1591 Sed
362 1555 469 1591 etiam
483 1555 631 1596 interea,
650 1566 729 1604 quae
746 1565 859 1602 vagos
872 1565 1015 1591 amores
1029 1554 1250 1603 sequuntur,
1272 1561 1315 1591 ut
1327 1564 1443 1596 canes,
1458 1558 1521 1589 aut
1537 1543 1723 1602 connubia

166 1609 337 1647 sanctiora
352 1611 510 1653 servant,
542 1617 583 1647 ut
601 1611 785 1653 columbi,
819 1622 934 1647 mares
959 1618 1079 1647 tamen
1099 1611 1256 1647 acriores
1270 1611 1412 1646 veneris
1436 1606 1602 1646 stimulos
1616 1607 1724 1644 senti-

166 1678 205 1704 re
231 1666 423 1712 videntur3
454 1666 604 1703 feminas
632 1668 731 1704 enim
756 1679 819 1716 per
846 1666 965 1709 ferra,
998 1679 1062 1714 per
1086 1668 1188 1715 ignes
1215 1665 1414 1715 sequuntur
1431 1693 1443 1709 ,
1486 1677 1574 1715 quas
1602 1663 1724 1701 videas

168 1723 409 1759 inminentem
433 1735 570 1759 marem
594 1723 718 1771 fugere
734 1751 743 1765 ,
778 1730 839 1760 aut
854 1723 975 1760 morsu
990 1724 1134 1771 abigere
1152 1751 1162 1765 ,
1195 1723 1232 1759 ὃς
1253 1721 1350 1759 lassas
1367 1750 1377 1765 ,
1409 1721 1559 1763 demum
1576 1719 1726 1758 adulan-

168 1780 215 1815 tis
239 1780 355 1815 mariti
390 1779 617 1816 voluntatem
650 1780 760 1828 sequi.
820 1779 991 1828 Bombyx
1019 1792 1094 1816 mas
1126 1780 1233 1816 etiam
1262 1786 1425 1816 mortuas
1455 1778 1609 1815 feminas·
1628 1777 1722 1819 init,

170 1841 211 1871 ut
238 1835 382 1872 istarum
408 1835 544 1872 nullam
571 1835 716 1885 culpam
738 1833 805 1873 esse
827 1835 994 1884 adpareat
1014 1838 1062 1878 a).
1123 1835 1248 1873 Liceat
1269 1835 1378 1872 etiam
1398 1833 1596 1872 humanam
1620 1832 1727 1870 femi-

170 1901 254 1928 nam
274 1903 319 1928 eo
340 1891 521 1929 recensere
536 1920 547 1934 ,
581 1904 659 1940 quae
691 1903 736 1928 ex
769 1899 902 1929 naturae
924 1891 1005 1940 lege
1026 1903 1164 1929 marem
1194 1890 1398 1941 exspeetet,
1428 1903 1508 1930 non
1530 1890 1724 1940 sequatur,

172 1946 379 1997 placitoque
409 1947 561 1986 demum
584 1948 617 1985 se
642 1948 828 1986 submittat
850 1950 976 1986 amori.

999 2054 1029 2094 B
1061 2065 1084 2093 2
1349 2040 1352 2041 ’
1592 2051 1726 2109 Iniecta

216 2154 243 2194 ι)
264 2155 391 2187 ΗΑινΕῐ
421 2160 454 2188 in
476 2169 569 2197 gener.
596 2160 686 2189 anim.

174 2197 444 2271 aduigREAumR'
466 2199 604 2231 ,Me'moin
625 2210 699 2238 pour
712 2196 841 2239 sewir
823 2211 842 2230 a
864 2199 884 2229 l’
887 2198 1009 2239 Hffloire
1029 2199 1076 2228 des
1091 2196 1217 2238 Infi’ffles.
1241 2196 1276 2228 T.
1294 2196 1328 2228 V.
1342 2205 1429 2227 mem.
1441 2204 1468 2234 9.
1504 2194 1638 2228 Eunuchi
1662 2195 1727 2228 sunt

257 2243 331 2267 000

217 2281 251 2347 αἰ
272 2278 364 2349 ¹Bitiam
379 2278 498 2317 aphidi,
519 2280 566 2311 cui
588 2279 670 2312 multi
686 2289 800 2317 mares,
825 2280 938 2310 feminee
956 2289 1074 2318 paucae,
1097 2279 1246 2309 Romu.
1259 2277 1418 2318 lnsbr'lolog.
1428 2278 1453 2309 Ι.
1466 2285 1496 2316 p
1511 2287 1576 2319 134

207 2328 235 2356 ,ν
301 2328 409 2349 Ακνει.

218 2362 250 2393 a)
273 2358 409 2390 BurmN
435 2360 507 2401 Hst.
527 2362 650 2399 general.
674 2362 713 2399 &³
729 2363 834 2400 partic.
852 2363 900 2393 VI.
918 2370 947 2399 Ρ.
959 2368 1006 2400 74.
1029 2359 1111 2391 szo-
1127 2359 1234 2401 Hiflor.
1245 2366 1309 2390 nat.
1320 2360 1388 2392 15-1d
1405 2367 1434 2398 Ι)
1446 2367 1494 2397 97·

218 2400 251 2437 a)
272 2400 526 2432 Swnmuumm.
543 2404 616 2433 Bibl.
631 2413 657 2441 p.
670 2412 741 2442 43¹-
