1955 2732
963 0 996 25 R

324 145 402 182 352
801 132 894 170 LIB.
918 131 1065 170 XXIX.
1129 131 1156 171 F
1187 131 1215 171 E
1246 131 1279 170 T
1311 131 1345 170 U
1375 132 1408 171 S.

430 241 476 280 Et
501 247 689 290 repertum
715 240 770 279 est·
791 252 907 277 cornu
931 238 1131 288 balaenaef)
1147 240 1335 277 unicornis
1352 269 1362 283 ,
1396 241 1433 277 in
1460 242 1562 288 cujus
1587 254 1716 280 cavum
1734 254 1874 280 novum

317 310 435 336 cornu
459 299 491 337 se
512 304 764 349 penetraverat
785 326 793 340 ‚
826 297 928 347 quod
949 297 1083 334 iterum
1106 296 1236 346 absque
1261 297 1444 347 periosteo
1471 297 1671 337 formatum
1691 298 1791 337 fuisse
1813 310 1875 336 ne-

316 354 407 393 ceffe
441 356 499 393 est.

429 436 473 476 In
503 435 773 483 cartilaginibus
798 434 959 484 laryngis
994 432 1316 472 manifestiffimum
1339 435 1410 477 est,
1446 434 1579 473 osseam
1615 442 1780 474 naturam
1810 449 1875 486 per

313 494 443 530 intima
473 494 510 529 in
533 492 781 540 cartilaginem
801 491 920 528 subire
940 519 948 534 ‚
983 504 1061 528 non
1084 504 1103 528 a
1128 490 1338 540 superficie,
1370 503 1489 541 neque
1523 492 1566 529 ad
1603 504 1682 534 eam
1710 500 1875 530 naturam

313 549 562 586 inducendam
586 549 809 597 periosteum
824 549 966 598 ‘requiri
977 548 1033 595 g).
1094 547 1179 585 Huc
1202 551 1360 597 pertinet
1379 547 1580 586 Ruyscnn
1607 548 1796 586 adnotatio
1820 548 1876 586 os-

314 605 357 642 fis
379 605 480 643 fracti
498 634 507 647 ,
541 606 578 641 in
606 617 705 654 quo,
740 617 825 642 cum
851 603 1054 654 superficies
1085 605 1255 642 deficeret
1273 634 1282 648 ,
1318 606 1412 642 &in
1436 617 1476 641 ea
1503 604 1575 642 fine
1605 605 1719 643 dubio
1753 606 1876 654 perio-

316 662 427 699 steum
453 660 613 704 deesset,
647 669 769 699 tamen
803 674 847 699 ex
881 663 1006 699 intima
1035 661 1116 699 sede
1145 660 1225 700 offis
1247 690 1257 704 ,
1293 660 1391 711 quasi
1424 661 1548 709 diploe
1576 669 1655 698 nata
1679 690 1688 704 ,
1722 661 1874 701 fractura

316 719 452 756 coaluit
468 715 525 766 h).
571 717 616 755 Et
641 719 678 754 in
709 720 848 769 trepani
874 719 1051 755 foramine
1075 718 1304 762 claudendo,
1338 717 1616 765 exercitatiffimi
1636 717 1798 755 incisoris
1821 726 1874 755 te-

316 775 488 812 stimonio
504 803 513 816 ,
546 774 584 811 id
606 802 615 816 ,
650 774 752 823 quod
786 774 950 811 foramen
984 774 1128 824 replet,
1161 787 1281 825 neque
1305 786 1350 811 ex
1369 774 1462 812 dura
1484 774 1694 812 membrana
1709 802 1720 817 ,
1753 785 1874 823 neque

316 843 362 868 ex
389 831 592 880 perieranio
613 859 624 872 ,
656 830 716 867 sed
744 843 790 867 ex
818 830 942 879 diploe
966 830 1180 875 nascituri).
1742 824 1744 827 ¹

428 911 488 948 Sic
515 911 641 948 vitiosa
669 910 740 948 offa
766 912 803 959 in
826 914 985 954 arteriis,
1014 912 1145 961 absque
1169 912 1350 961 periosteo
1373 911 1569 950 nascuntur
1584 910 1622 953 k)
1641 939 1651 954 ‚
1686 911 1722 948 ἃ
1741 910 1873 960 absque

316 967 387 1005 ulla
414 969 450 1005 in
476 968 673 1016 parietibus
696 980 837 1016 magnae
863 970 999 1006 arteriae
1023 968 1282 1006 membranofis
1308 980 1453 1017 propria
1473 969 1517 1005 ad
1538 966 1610 1005 offa
1635 967 1801 1005 struenda
1822 968 1874 1004 fa-

315 1025 412 1062 brica
429 1053 439 1067 ,
479 1024 516 1061 Sc
545 1035 590 1061 ex
615 1024 822 1062 tendinibus
843 1053 853 1068 ,
889 1027 926 1063 ὃς
952 1027 989 1062 in
1017 1026 1243 1068 tenerrimis,
1281 1025 1498 1062 membranis
1524 1032 1567 1063 ut
1594 1025 1632 1061 in
1663 1025 1803 1067 retina,
1835 1025 1874 1061 in

318 1082 379 1129 pia
399 1081 610 1118 membrana
629 1082 781 1118 cerebri..

431 1161 624 1211 Ancyloses
655 1164 763 1199 etiam
788 1162 927 1200 constat
952 1164 1110 1203 internas
1136 1161 1213 1199 fieri
1229 1190 1241 1205 ‚
1280 1169 1322 1200 ut
1350 1161 1498 1200 femoris
1534 1173 1620 1199 cum
1648 1160 1838 1200 acetabulo
1856 1189 1870 1204 .

317 1230 404 1267 quas
433 1230 509 1255 non
535 1217 641 1267 poffis
667 1219 848 1267 periosteo
875 1220 1034 1256 tribuere
1050 1247 1060 1262 ,
1093 1218 1194 1269 quod
1214 1219 1266 1256 ibi
1285 1218 1428 1257 nullum
1447 1218 1489 1256 fit
1503 1217 1541 1262 l).

431 1298 518 1338 Ossa
556 1301 668 1349 longa
700 1300 841 1350 semper
871 1300 1081 1349 cartilagine
1115 1301 1288 1349 utrinque
1315 1282 1555 1339 terminantur
1574 1327 1586 1342 ‚
1629 1310 1701 1348 qua
1727 1299 1765 1335 in
1790 1296 1873 1336 sede

316 1368 505 1406 nunquam
539 1357 578 1394 &
609 1358 647 1396 in
676 1356 778 1395 nullo
812 1357 902 1396 statu
927 1355 1136 1395 membrana
1155 1358 1207 1401 m)
1236 1357 1292 1394 est.

751 1472 784 1513 §—
818 1466 991 1507 XXXV.
1054 1465 1186 1514 Nostra
1214 1474 1433 1516 argumenta.

430 1556 485 1596 Ex
506 1558 547 1596 iis
562 1587 572 1601 ,
604 1570 684 1608 quae
706 1559 877 1597 haetenus
901 1559 1062 1596 diximus
1084 1587 1093 1601 ‚
1129 1558 1274 1597 videtur
1294 1558 1484 1596 manifesto
1506 1557 1628 1608 sequi,
1651 1557 1872 1607 perlosteum

315 1627 394 1652 non
416 1614 483 1652 effe
502 1627 682 1663 organum
699 1644 708 1658 ‚
735 1617 773 1652 in
798 1628 873 1664 quo
901 1628 942 1652 os
967 1616 1154 1653 formatur.
1191 1615 1323 1665 Neque
1345 1617 1442 1654 enim
1470 1614 1596 1653 succos
1626 1613 1791 1663 possidet,
1806 1610 1886 1664 qui¹

318 1670 450 1710 offeam
470 1678 634 1708 naturam
646 1672 711 1709 soli
728 1671 886 1713 faciunt,
907 1670 1082 1721 siquidem
1101 1684 1119 1709 a
1143 1672 1245 1710 rubia
1267 1684 1342 1709 non
1362 1673 1516 1720 tingitur
1527 1669 1564 1714 a>
1581 1699 1590 1713 ,
1623 1672 1725 1719 cujus
1736 1670 1869 1720 pulvis,

317 1727 395 1776 ipso
419 1727 631 1765 adfirmante
652 1727 706 1766 cl.
728 1726 794 1765 Du
816 1728 963 1765 HAMEL
986 1727 1046 1771 h),
1074 1728 1117 1765 ad
1133 1733 1210 1765 eam
1233 1728 1419 1766 calcariam
1440 1736 1570 1765 terram
1590 1726 1768 1770 adhaeret,
1791 1737 1872 1776 quae

317 1783 397 1822 offis
423 1786 571 1833 propria
596 1784 646 1821 est
671 1786 845 1822 materies.
906 1784 1018 1821 Nunc
1054 1785 1092 1820 in
1123 1784 1304 1834 periosteo
1331 1785 1434 1822 rubia
1468 1784 1611 1822 nullum
1640 1783 1724 1820 facit
1759 1783 1873 1821 rubo-

319 1853 425 1885 rem;
455 1853 501 1877 ne
530 1853 575 1877 eo
599 1840 747 1890 quidem
769 1848 936 1889 tempore
955 1868 964 1882 ‚
999 1852 1074 1889 quo
1100 1853 1240 1878 novum
1267 1853 1307 1878 os
1328 1847 1548 1889 generatur:
1580 1840 1800 1889 periosteum
1816 1850 1872 1875 er-

316 1909 368 1945 go
393 1909 437 1933 eo
461 1896 537 1946 ipso
553 1904 718 1946 tempore
738 1909 814 1935 non
835 1898 942 1934 habet
964 1896 1039 1933 vasa
1061 1897 1165 1946 plena
1185 1897 1339 1934 humore
1361 1896 1523 1934 offifico:
1545 1895 1604 1932 sed
1619 1897 1774 1932 omnino
1793 1905 1872 1931 non

319 1951 481 1990 craffiora
499 1953 574 1990 vasa
591 1954 717 1996 habet,
738 1954 826 1991 dum
849 1966 889 1991 os
913 1953 1154 1996 ffibnascstur,
1173 1964 1258 1991 cum
1278 1953 1400 1991 album
1419 1952 1461 1990 fit
1472 1951 1505 1996 c)
1519 1981 1529 1995 ,
1562 1963 1680 2001 neque
1698 1964 1738 1989 ea
1757 1950 1835 1988 vasa
1852 1961 1873 1988 a

1688 2006 1871 2058 periosteo
1925 2028 1928 2031 -

357 2062 393 2099 fl
417 2062 560 2092 Pansam:
578 2064 667 2092 Relat.
679 2064 752 2092 dela
765 2062 921 2092 Grfinland.
939 2071 968 2100 p.
984 2071 1048 2100 103.

355 2106 388 2140 g>
411 2102 606 2131 Boanmava
627 2113 653 2140 p.
671 2112 738 2139 214.

356 2144 390 2176 h)
417 2141 499 2181 Thes:
515 2145 571 2174 IX.
590 2153 614 2172 n.
637 2153 684 2180 49.

358 2184 382 2215 i)
407 2183 447 2253 'lh
459 2184 837 2215 N„utn.]‡Iem.del’Acad.
854 2193 1013 2222 anm-540.
1028 2192 1127 2223 p.373.
1144 2182 1210 2216 add.
1225 2192 1323 2222 p·349-
1338 2188 1389 2213 not
1411 2192 1449 2212 m.
1469 2181 1636 2212 Rurscmx
1651 2180 1778 2219 inprimis
1790 2179 1862 2210 loca.

360 2225 390 2252 kl
422 2225 587 2254 ἰὴνΑτοΝ.
1173 2241 1175 2243 >

358 2264 384 2299 f)
406 2274 514 2300 {1³⁴3-

360 2304 538 2334 >infler-'rm
550 2305 569 2335 l.
585 2315 612 2343 p.
627 2310 688 2343 238>

358 2350 389 2372 al
413 2355 440 2381 p,
462 2351 526 2381 328,

360 2387 391 2415 b)
415 2394 441 2421 p.
459 2394 523 2421 3²9·

362 2428 389 2457 ἐ)
411 2434 437 2461 p.
458 2434 519 2461 344⁷
