1955 2732
229 105 298 132 xu
680 94 1348 143 PRAEFATIO,

231 209 274 241 ut
303 199 400 242 adeo
423 201 547 253 aspere
565 202 605 241 in
626 214 685 242 me
701 204 932 244 inveheretur
950 207 996 251 e).
1055 205 1235 253 Redibit,
1264 212 1400 261 opinor
1414 241 1429 257 ,.
1463 214 1503 252 in
1524 216 1688 256 animum
1708 218 1792 258 Cla-

233 285 265 321 ri
288 283 371 322 Viri
398 296 471 322 vox
495 285 727 324 humanitatis
741 315 751 329 ,
784 299 864 336 quae
883 287 984 326 dolet
1003 316 1014 331 ,
1048 290 1193 338 quoties
1214 293 1348 331 evitare
1372 307 1450 332 non
1473 296 1681 346 possumus,
1701 302 1790 350 quin

234 377 304 414 pro
328 367 460 405 merito
483 373 680 405 nocentem
701 367 892 406 hominem
915 371 1128 419 puniamus,
1151 384 1230 423 quae
1250 376 1378 414 acerbe
1403 376 1524 421 dolet2
1555 379 1582 416 fi
1613 381 1790 420 innocen-

236 453 312 484 tem
341 446 631 498 oppresserimus

347 557 527 609 Expedivi
549 572 609 598 me
631 560 722 598 adeo
745 562 786 598 ab
811 562 1047 611 ingratissimo
1071 565 1194 603 labore
1211 595 1220 610 ,
1254 580 1329 617 quo
1353 582 1413 608 me
1429 572 1472 609 ab
1491 585 1536 611 eo
1553 572 1647 613 Viro
1667 582 1785 620 tueor,

234 651 344 690 quern
373 653 516 684 amem,
556 653 666 691 quem
692 642 821 680 faciam
855 644 1002 693 plurimi
1025 674 1035 688 ,
1070 658 1180 696 quem
1209 649 1246 685 in
1275 649 1342 688 hac
1365 659 1438 690 arte
1477 657 1680 694 anatomica
1706 669 1787 694 om-

231 722 337 760 nibus
366 723 553 772 praeferam
591 752 602 766 ,
643 723 739 773 apud
778 737 889 774 quem
926 722 1088 776 primu'm
1120 729 1197 776 ejus
1238 732 1321 768 artis
1348 733 1494 781 gustum
1519 735 1643 781 haufi,
1674 750 1786 788 quem

230 803 322 840 mihi
354 805 547 843 inimicum
569 804 686 844 nihilo
715 805 854 846 facilius
883 807 981 852 tuli,
1014 821 1125 859 quam
1149 809 1175 848 fi
1199 814 1369 862 proprius
1394 814 1486 853 thi
1509 823 1611 867 pater
1637 818 1785 858 succen-

231 883 357 923 suisset.

340 997 500 1037 Transeo
522 997 567 1036 ad
593 998 682 1038 alios
702 998 814 1039 Viros
829 1030 839 1044 ‚
872 1003 1004 1052 quibus
1027 1003 1117 1041 nihil
1135 1005 1275 1049 debeo,
1309 1009 1440 1056 quibus
1466 1010 1564 1048 nulla
1588 1011 1688 1050 causa
1714 1013 1783 1051 suit

226 1089 287 1116 me
318 1080 590 1118 contemnendi.
650 1079 724 1119 Eos
745 1094 826 1120 mea
852 1083 897 1121 de
916 1083 1033 1122 sensus
1055 1086 1092 1122 in
1114 1086 1237 1123 multis
1261 1090 1425 1137 corporis
1450 1089 1600 1129 humani
1620 1094 1781 1142 partibus

226 1159 384 1199 defestus
403 1159 576 1198 sententia
593 1162 744 1200 irritavit
765 1191 777 1206 ,
808 1175 917 1213 quam
951 1165 1033 1214 post
1049 1168 1296 1215 experimenta
1315 1181 1395 1208 mea
1418 1171 1602 1220 proposui.
1665 1172 1749 1212 Erat
1767 1203 1778 1218 ,

226 1242 328 1289 cujus
351 1242 500 1291 systema
521 1249 642 1280 totum
665 1255 684 1280 e
708 1243 945 1282 fundamento
965 1245 1201 1285 subruebatur
1217 1276 1228 1291 ,
1259 1249 1283 1286 fi
1298 1250 1429 1300 absque
1444 1252 1543 1290 sensu
1563 1253 1650 1291 dura
1665 1267 1780 1292 mem-

224 1323 334 1360 brana
351 1324 511 1366 cerebri,
540 1322 565 1360 fi
584 1324 700 1362 sensus
722 1325 760 1362 in
780 1325 938 1364 medulla
959 1327 1032 1365 est:
1060 1335 1157 1373 erat,
1191 1331 1293 1378 cujus
1316 1333 1463 1382 antiqua
1479 1334 1519 1371 in
1536 1333 1615 1372 Mo
1628 1348 1651 1373 R
1664 1348 1779 1374 GAG-

225 1415 330 1441 uum
353 1405 544 1442 molimina
566 1417 643 1443 non
665 1407 924 1454 probaveram:
955 1408 1035 1446 sunt
1060 1411 1123 1460 qui
1152 1410 1175 1448 S
1188 1423 1283 1448 TAH
1296 1424 1315 1449 1.
1329 1425 1341 1449 1
1356 1425 1414 1450 AN
1429 1426 1452 1450 A
1465 1426 1496 1452 m
1516 1415 1643 1453 sestam
1667 1416 1777 1456 secuti

224 1497 301 1523 non
326 1484 474 1534 poffunt
497 1494 620 1524 motus
644 1487 827 1526 humanos
851 1489 944 1527 ferre
963 1490 1094 1540 absque
1118 1492 1245 1530 animae
1267 1494 1424 1544 imperio
1439 1523 1449 1539 ,
1473 1503 1534 1534 aut
1559 1496 1778 1537 conscientia

224 1572 351 1604 natos:
379 1566 461 1604 sunt
481 1567 663 1618 denique,
698 1569 830 1619 quibus
854 1572 908 1609 rei
928 1572 1071 1610 novitas
1097 1572 1247 1613 molesta
1270 1575 1319 1613 est
1335 1603 1347 1619 ,
1381 1587 1474 1626 quos
1504 1577 1655 1616 demum
1686 1579 1776 1619 alius

224 1649 380 1687 amarior
402 1649 515 1686 animi
529 1648 687 1688 adfec‘ius
707 1652 842 1691 incitat.

335 1760 442 1799 Nolo
466 1762 504 1799 in
527 1774 671 1801 arenam
692 1762 905 1802 descendere
931 1763 1005 1804 hoc
1032 1765 1118 1804 Ioco
1139 1795 1150 1810 2
1178 1769 1242 1818 qui
1270 1770 1380 1807 toties
1406 1769 1452 1808 ad
1480 1777 1691 1819 argumenta
1717 1784 1774 1810 re-

224 1830 383 1892 spondi,
416 1855 495 1892 quae
521 1844 570 1882 ita
593 1851 833 1894 repetuntur,
863 1853 1051 1896 tamquam
1076 1860 1264 1897 nunquam
1285 1850 1467 1888 cumulate
1490 1851 1534 1888 ad
1563 1863 1603 1888 ea
1625 1851 1773 1902 respon-

223 1921 358 1960 diffem.
416 1922 458 1962 Id
488 1923 714 1973 potiffimum
740 1927 777 1963 in
809 1926 951 1965 Claudio
974 1928 1124 1967 Nicolao
1157 1929 1219 1967 LE
1249 1930 1410 1982 CATf)
1443 1931 1604 1970 desidero
1632 1945 1643 1970 ;
1672 1945 1768 1971 nunf-

222 2015 332 2054 quam
351 2033 360 2047 ,
392 2003 418 2041 fi
443 2016 524 2043 mea
547 2004 712 2054 Iegiffet,
743 2007 836 2045 mihi
860 2008 1087 2058 imputatum
1116 2010 1264 2049 Rahertz·
1291 2011 1493 2050 WHYTT
1521 2014 1770 2063 experimenta

222 2085 317 2123 circa
342 2087 417 2124 vim
438 2086 515 2136 opii
526 2082 574 2136 g)
600 2094 730 2126 contra
748 2100 808 2128 me
829 2089 946 2139 ipsum
964 2090 1075 2135 fasta,
1099 2104 1177 2143 quae
1197 2105 1266 2143 pro
1288 2095 1377 2132 meis
1400 2093 1550 2134 refutat:
1580 2106 1769 2145 nunquam

1576 2177 1767 2226 pericranii

262 2253 289 2288 e)
312 2262 337 2291 Ρ·
355 2263 419 2288 ¹44·

256 2292 296 2372 8
322 2294 352 2323 T
352 2292 425 2365 raiz?
437 2295 470 2325 de
484 2294 648 2336 l'Exg'steme
662 2297 800 2335 dufluz'de
812 2299 859 2329 des
868 2298 953 2338 nost.
976 2297 1073 2329 Berlin
1092 2300 1138 2337 [in
1153 2298 1259 2338 Gallia]
1275 2304 1361 2339 1765,
1380 2308 1408 2337 ι.

311 2343 340 2372 P*
357 2344 389 2373 3¹
