1955 2732
500 140 741 180 SECT.V.
801 140 1144 181 PARTUS.
1540 153 1615 189 451

70 250 191 296 ejusve
221 249 358 297 grumis
387 247 542 297 repleri,
580 259 673 296 quos
692 259 802 285 manu
828 260 1042 286 converrere
1055 249 1192 298 'nuperi
1209 248 1322 299 aliqui
1332 244 1377 296 g)
1400 248 1551 287 artifices
1565 249 1620 296 ju-

71 307 157 342 bent
174 333 183 347 ‚
220 306 256 341 St
289 305 467 342 continuo
492 311 637 341 uterum
661 311 783 341 totum
803 305 987 343 mundare.

70 440 90 478 s
160 383 412 485 ’zariffimum
444 385 494 423 est
527 385 728 442 placentam
757 385 864 423 educi
888 386 1020 436 absque
1047 386 1245 434 sanguine,
1278 385 1470 435 solumque
1503 385 1619 424 serum

85 453 168 491 equi
230 471 237 479 .

181 521 266 559 Post
291 521 455 559 eductam
479 520 683 570 placentam
707 534 748 559 os
770 523 864 560 uteri
893 522 1104 572 amplissime
1125 529 1225 573 patet
1239 521 1270 567 ι)
1286 551 1296 566 ,
1331 523 1367 560 &
1394 534 1509 560 unum
1536 534 1621 560 cum

71 579 198 626 vagIna
225 579 444 616 continuum
471 577 601 632 tubum
625 576 742 615 efficit„

181 656 270 695 Vidi
293 659 329 695 δε
360 659 512 697 duarum
542 659 733 696 unciarum
750 686 761 701 ,
795 659 833 695 &
855 670 981 696 manus
1000 671 1090 696 meae
1112 658 1342 696 latitudinem
1362 658 1532 696 habuiffe.

180 739 315 777 Subitis
329 739 463 777 casibus
479 740 646 777 nondum
660 739 864 777 remedium
882 742 1076 777 inventum
1095 740 1144 777 est
1159 753 1167 777 :
1199 739 1242 776 In
1259 740 1382 788 belgio
1397 741 1436 784 k)
1451 740 1621 789 equidem

71 795 221 843 cinguJo
243 805 442 845 praeparato
471 796 652 834 abdomen
687 808 873 845 puerperae
898 797 1078 844 stringunt
1094 795 1129 844 l)
1151 824 1160 839 ‚
1193 808 1269 844 quo
1297 809 1338 832 ea
1367 798 1495 833 mortis
1521 796 1622 844 causa

70 859 249 888 avertatur
270 879 279 893 ,
313 864 393 900 quae
423 852 547 889 eadem
572 853 755 890 funestum
783 860 955 889 eventum
985 852 1254 901 paracenteseos
1286 854 1512 900 praecipitat3
1545 865 1622 890 cre-

69 906 167 944 ditur
197 909 292 944 enim
311 935 320 949 ,
353 908 564 956 sanguinem
584 937 593 950 ‚
629 920 739 957 quem
764 909 1010 957 comprimens
1039 910 1093 946 vis
1114 910 1206 945 uteri
1238 910 1282 945 ab
1313 909 1544 945 inferioribus
1569 921 1622 944 ar-

69 965 179 1000 tubus
198 963 360 1001 aversum
383 966 421 1001 in
443 964 641 1013 superiores
670 965 813 1005 arterias
840 972 1010 1012 coegerat
1027 993 1036 1007 ,
1069 977 1167 1002 nunc
1195 977 1233 1001 ea
1258 963 1522 1012 compreffione
1542 966 1622 1001 uni-

71 1032 117 1056 co
147 1019 221 1057 fere
253 1028 447 1058 momento
475 1023 650 1070 temporis
681 1020 872 1057 liberatum
893 1048 902 1062 ,
938 1023 972 1057 vi
997 1021 1253 1063 derivationis,
1286 1024 1325 1058 in
1345 1020 1422 1057 vasa
1451 1020 1622 1058 inferiora

69 1082 152 1113 toto
178 1077 318 1124 impetu
345 1076 559 1114 descendere
579 1105 589 1119 ‚
622 1089 760 1125 perque
782 1089 822 1113 ea
844 1076 1008 1113 undatim
1031 1077 1185 1114 effluere.

182 1156 271 1194 Eam
291 1156 467 1194 funestam
488 1157 728 1195 revulfionem
756 1157 925 1195 hastenus
954 1157 1036 1195 fitus
1060 1159 1098 1194 in
1123 1158 1255 1195 lectulo
1271 1169 1365 1206 pene
1382 1157 1622 1195 horizontalis

71 1212 146 1261 ipse
166 1220 330 1260 moratur
350 1242 361 1256 ‚
397 1215 460 1263 qui
487 1213 698 1262 sanguinem
721 1215 842 1251 minus
863 1215 908 1251 ad
930 1214 1099 1251 inferiora
1125 1215 1261 1250 invitat.
1296 1213 1480 1251 Manubus
1497 1213 1555 1251 alii
1570 1213 1622 1258 m)

71 1281 203 1318 corpus
229 1276 375 1306 uterum
399 1272 642 1319 comprimere
664 1269 813 1307 suadent
830 1299 840 1313 ‚
870 1278 913 1308 ut
932 1272 1024 1308 uteri
1043 1271 1331 1308 contractionem
1347 1270 1528 1317 adjuvent.

183 1349 320 1387 Natura
344 1362 430 1387 vero
456 1352 647 1388 communi
669 1351 766 1388 malo
790 1351 862 1400 ipsa
884 1351 1078 1400 prospexit.
1141 1350 1196 1388 Ex
1219 1352 1292 1399 ejus
1314 1352 1411 1387 enim
1440 1351 1519 1399 lege
1543 1357 1623 1390 ute-

70 1418 131 1444 rus
159 1406 338 1443 irritabilis
355 1435 365 1449 ‚
398 1408 526 1444 acriter
548 1407 701 1444 sentiens
721 1435 732 1449 ‚
759 1420 778 1444 a
808 1407 942 1444 divulsa
969 1407 1131 1455 placenta
1151 1410 1257 1444 etiam
1278 1407 1510 1450 sollicitatus,
1533 1419 1625 1444 con-

71 1464 177 1500 tinuo
192 1462 384 1511 postquam
403 1462 437 1499 se
452 1475 564 1501 onere
581 1463 746 1500 liberavit
764 1491 775 1506 ,
807 1464 936 1512 incipit
957 1464 1081 1511 stringi
1100 1465 1159 1505 vi,
1178 1475 1302 1513 ‘quam
1324 1463 1478 1500 validam
1500 1474 1623 1500 rerum

70 1520 174 1567 gnari
198 1530 217 1555 a
238 1526 343 1566 partu
365 1521 505 1567 experti
529 1519 594 1556 sint
613 1520 653 1564 n)
675 1547 684 1562 ,
725 1521 761 1556 &
789 1531 869 1568 quae
898 1522 1004 1556 etiam
1040 1521 1078 1556 in
1109 1519 1281 1557 cadavere
1307 1518 1452 1567 superfit
1473 1521 1518 1561 0).
1570 1518 1625 1557 Ita

72 1574 213 1622 sanguis
236 1574 385 1622 quidem
411 1576 449 1611 in
477 1574 622 1612 sinubus
657 1577 694 1611 Sc
726 1577 862 1612 arteriis
893 1576 937 1611 ad
960 1575 1048 1612 ostia
1081 1578 1274 1622 proximus
1303 1575 1520 1623 exprimitur
1537 1603 1546 1617 ‚
1587 1576 1623 1612 ὃ(

71 1632 165 1668 uteri
190 1631 321 1667 ostium
344 1630 550 1673 clauditur,
587 1631 623 1666 δε
649 1638 727 1668 tota
753 1632 846 1667 uteri
873 1629 977 1666 massa
1003 1633 1038 1666 in
1067 1632 1187 1668 minus
1215 1630 1390 1668 volumen
1418 1631 1621 1678 redigitur,

71 1686 243 1736 idemque
267 1685 407 1735 spissam
438 1688 473 1723 δι
503 1686 646 1724 densam
674 1695 838 1724 naturam
860 1693 1054 1735 recuperat.

183 1766 274 1805 Haec
296 1769 390 1804 varia
414 1767 562 1817 quidem
590 1768 794 1810 celeritate,
827 1767 966 1816 semper
988 1773 1109 1805 tamen
1131 1766 1255 1827 rapide
1279 1765 1342 1803 fibi
1368 1765 1576 1804 succedunt.

182 1847 414 1886 Rurscnms
442 1848 612 1898 equidem
635 1878 645 1893 ,
677 1851 796 1887 bonus
818 1848 924 1885 senex
940 1844 1013 1896 p),
1040 1859 1126 1885 cum
1159 1847 1363 1896 placentam
1392 1847 1554 1885 suaderet
1585 1849 1624 1885 in

822 1904 911 1942 Lll
942 1913 964 1941 2
1516 1912 1623 1942 utero

109 1989 144 2029 εδ
168 1990 321 2021 Gamzo.
345 2001 400 2021 cas.
418 2001 462 2027 31.

110 2032 143 2065 h)
165 2031 317 2060 Tri-sino.
333 2034 421 2060 diana
434 2042 451 2068 p
473 2039 543 2068 737.

112 2072 137 2107 i)
159 2071 298 2101 Rurscn.
312 2071 418 2110 aa'vevjss
433 2075 473 2102 Il.
490 2082 518 2103 n.
537 2082 579 2101 10.
595 2081 624 2109 p.
641 2081 685 2110 3¹·
709 2070 829 2101 Diouis
844 2081 871 2109 p.
889 2081 934 2106 54.
957 2070 1019 2100 Art
1032 2069 1150 2108 defaire
1161 2075 1198 2102 les
1211 2076 1363 2108 raportsp.
1377 2079 1444 2107 445.
1471 2069 1624 2101 Tmen?

73 2111 109 2141 ad
127 2121 248 2149 quatuor
261 2113 366 2141 uncias.
392 2113 471 2141 Conf
490 2122 514 2149 p.
534 2123 600 2147 43¹·

112 2153 144 2181 ks
166 2152 363 2181 BoerHAAvr
377 2152 491 2189 praeleH.
514 2154 547 2181 ad
565 2163 592 2182 n.
613 2153 736 2186 §gaam
768 2151 905 2181 Gom—aa.
923 2161 982 2179 mn
1001 2158 1015 2180 t
1035 2153 1202 2188 Slzffthmd.

113 2192 138 2225 Γ)
161 2192 207 2221 Ob
233 2191 315 2221 aliam
344 2192 473 2226 causam,
499 2194 524 2221 ἃ
552 2193 720 2222 servandum
748 2192 856 2220 staturae
879 2192 967 2220 decus
992 2190 1192 2222 mannicum
1209 2203 1236 2230 p.
1259 2193 1325 2228 376.
1342 2187 1406 2227 37'7.
1431 2191 1522 2221 Sedis
1539 2190 1626 2220 molle

74 2231 136 2261 vult
160 2233 305 2262 vinculum
332 2233 357 2260 ἃ
382 2233 478 2269 primis
500 2234 616 2262 tandem
644 2244 687 2269 15·
711 2233 810 2261 dicbus
827 2231 895 2268 geri.
938 2231 1006 2261 Non
1024 2233 1127 2270 probat
1145 2234 1188 2263 LA,
1205 2233 1323 2263 Moru
1351 2231 1381 2261 L.
1396 2231 1426 2262 V.
1447 2241 1475 2262 c.
1489 2242 1516 2269 9.
1532 2237 1582 2261 tot.
1597 2233 1626 2265 δ’»

74 2271 160 2302 habet
184 2282 237 2309 pro
262 2271 420 2309 periculoso
433 2272 544 2302 auxilio.

114 2315 158 2346 m)
171 2315 280 2349 Joeern.
292 2315 337 2342 des
351 2315 462 2343 Saturus
473 2322 539 2342 ann.
556 2324 565 2342 1
575 2321 640 2350 722.
655 2322 693 2342 m.
708 2322 771 2350 aug.

113 2354 148 2384 ai)
169 2353 279 2382 Dmrs
299 2363 326 2390 p.
354 2357 417 2382 160.

114 2395 144 2428 ο)
166 2402 192 2430 p.
213 2399 257 2427 58-

110 2433 146 2473 Ρ)
173 2432 325 2472 ThffJX.
348 2442 378 2463 n.
397 2443 441 2469 ις.
465 2433 511 2463 Sic
527 2433 643 2463 XWizrss,
663 2441 760 2471 progr.
782 2436 812 2466 V.
834 2443 861 2469 ι).
878 2440 904 2468 8.
922 2434 1036 2465 unciam
1050 2434 1147 2464 iatum‘
