1955 2732
281 133 333 167 ‚4
758 117 851 155 ΜΒ.
881 116 1029 155 XXIX.
1082 92 1118 154 xF
1148 116 1178 156 E
1208 117 1241 155 T
1272 117 1303 155 u
1338 117 1371 155 s,

391 222 582 262 Accedunt
610 223 774 262 animalia
793 252 804 268 ,
838 237 917 274 quae
946 226 1106 272 virginea
1120 219 1168 273 f)
1199 226 1416 274 concipiunt
1434 252 1442 266 ,
1477 226 1718 276 pariuntque:
1761 239 1841 277 quae

277 281 405 321 eadem
432 292 517 318 cum
541 281 583 317 iis
604 308 615 323 ,
647 292 728 330 quae
763 293 950 330 nunquam
985 293 1122 318 marem
1152 289 1321 323 norunt,
1357 280 1649 321 numerofissimis
1667 284 1712 333 g)
1748 284 1840 328 illis,

280 335 479 376 ostendunt
495 365 505 380 ,
538 344 692 373 matrem
719 337 913 374 necessario
942 338 1102 386 requiri,
1137 339 1238 385 cujus
1264 350 1343 386 pars
1369 338 1406 375 in
1433 336 1550 376 fetum
1572 340 1701 383 abeat,
1734 341 1842 378 maris

278 407 366 432 vero
392 392 636 431 neceffitatem
657 394 933 442 angustioribus·
943 394 1119 431 limitibus
1142 394 1398 432 circumscribi.

389 475 459 512 Sed
480 476 660 524 imprimis
679 476 718 513 in
736 487 812 512 ovo
836 475 1040 523 gallinaceo
1062 475 1168 513 video
1185 504 1194 517 ,
1226 474 1320 512 hanc
1343 474 1551 513 insitionem
1565 476 1692 514 locum
1708 477 1841 516 habere

277 544 356 570 non
378 530 488 580 poste.
549 530 707 568 vitellus
739 533 801 568 ovi
826 535 958 569 maturi
989 534 1081 569 intra
1118 533 1284 569 ovarium
1320 532 1445 569 eadem
1477 533 1526 569 est
1560 535 1840 580 magnitudine,

278 602 347 638 qua
374 588 424 625 est
438 587 596 631 §vitellus
629 590 692 625 ovi
713 596 819 636 partu
850 600 947 625 nunc
977 588 1137 631 exclufi,
1170 589 1255 625 testa
1286 601 1385 626 nunc
1408 589 1553 626 cinctus.
1615 588 1699 637 Ejus
1729 591 1843 628 vitelli

278 646 404 683 duetus
425 673 434 686 ,
466 652 508 682 ut
534 646 573 681 in
604 656 680 682 uuo
704 645 876 693 exemplo
902 657 1069 682 maneam
1084 674 1094 688 ,
1128 657 1213 682 cum
1232 645 1424 681 intestinali
1441 645 1551 683 ductu
1569 648 1717 689 unitur,
1741 646 1842 685 idem

277 711 364 740 cum
390 700 547 738 eodem:
578 713 698 750 neque
726 710 931 750 repugnat,
965 704 1055 751 quin
1078 702 1132 738 *ab
1161 702 1264 738 omni
1298 708 1466 750 tempore
1503 701 1595 739 fetus
1631 704 1843 741 intestinum

277 757 387 796 fuerit
412 758 545 806 exigua
575 758 689 794 vitelli
725 758 875 801 hernia,
917 760 1020 806 cujus
1058 770 1140 807 pars
1174 757 1366 806 praeampla
1402 759 1440 794 in
1468 758 1619 801 vitello,
1662 771 1742 807 pars
1780 772 1843 797 an-

277 812 471 863 gustiffima
506 815 544 851 in
576 815 778 864 embryone
811 815 979 852 noudum
995 814 1194 852 fecundato
1212 816 1421 851 intestinum
1436 814 1553 853 fuerit.
1615 814 1717 853 Pone
1739 815 1842 853 vicis-

276 871 342 907 fim
358 898 368 913 ‚
402 870 646 908 vermiculum
672 871 929 919 spermaticum
962 872 1061 908 mille
1097 873 1232 908 vicium
1259 871 1420 908 millibus
1437 870 1476 915 h)
1501 873 1705 915 minorem,
1732 884 1843 921 quam

276 926 420 964 vitellus
442 955 452 969 ‚
483 928 547 976 qui
567 927 701 964 unciali
722 928 770 964 est
792 928 971 965 diametro
988 956 998 971 ‚
1031 928 1199 965 advenire
1227 928 1264 963 in
1292 929 1457 964 ovarium
1478 956 1487 969 ‚
1523 928 1557 964 &
1578 928 1683 966 suum
1708 931 1844 966 micro-

277 983 468 1032 scopicum
496 983 707 1021 intestinum
734 983 865 1021 offerre
894 985 1065 1022 intestino
1094 986 1269 1033 giganteo
1295 983 1433 1021 vitelli:
1466 996 1656 1032 nunquam
1678 984 1753 1022 fieri
1775 998 1845 1033 po-

247 1041 253 1046 ’
278 1040 366 1082 test,
408 1047 450 1077 ut
479 1040 573 1076 inter
606 1039 777 1077 tubulurn
804 1040 1036 1078 millionefies
1067 1043 1252 1078 minorem
1272 1067 1282 1082 ,
1329 1041 1364 1075 ἃ
1396 1039 1627 1077 millionefies
1660 1042 1844 1089 majorem

278 1097 499 1134 continuitas
530 1098 678 1133 oriatur.

392 1176 553 1215 Adfuiffe
592 1178 631 1214 in
665 1177 790 1215 vitello
827 1178 1051 1227 principium
1087 1175 1266 1224 ejusmodi
1297 1175 1423 1214 duetus
1443 1204 1453 1219 ,
1487 1177 1597 1226 inque
1625 1177 1664 1216 id
1695 1179 1842 1216 initium

278 1235 443 1273 herniam
472 1240 634 1283 apertam
675 1233 833 1271 intestini
868 1234 959 1283 pulli
985 1234 1017 1270 se
1049 1231 1253 1275 immififfe,
1286 1244 1400 1282 porro
1430 1233 1538 1269 etiam
1572 1232 1675 1270 sortis
1700 1235 1842 1283 legibus

278 1298 459 1341 repugnat
475 1318 486 1334 ,
519 1291 628 1327 etiam
651 1289 676 1326 fi
702 1290 846 1340 aequalis
866 1289 950 1327 esset
970 1289 1118 1328 tubulus
1135 1317 1143 1331 ,
1176 1291 1238 1338 qui
1259 1289 1302 1326 ab
1320 1289 1489 1326 intestino
1508 1289 1661 1327 nascitur
1676 1319 1685 1334 ‚
1720 1293 1755 1327 Se
1780 1293 1843 1340 qui

283 1361 305 1385 a
337 1347 473 1385 vitello.
551 1344 715 1389 Omnia,
748 1353 810 1397 aut
849 1354 946 1383 certe
987 1346 1100 1395 longe
1130 1345 1307 1394 plurima,
1340 1358 1408 1382 ova
1446 1358 1464 1382 a
1498 1345 1595 1394 gallo
1627 1346 1834 1384 fundantur.

281 1404 394 1443 Nunc
431 1402 690 1440 incredibiliter
720 1414 875 1451 parvum
905 1402 1022 1440 filiurn
1048 1431 1058 1445 ,
1107 1402 1208 1451 quod
1231 1402 1280 1439 est
1316 1402 1441 1439 ductus
1481 1402 1676 1441 vitellarius
1711 1405 1804 1441 fetus
1829 1432 1840 1447 ,

281 1462 318 1498 in
336 1461 531 1497 minimum
548 1460 681 1508 pariter
692 1458 889 1510 tribulum,
916 1460 981 1508 qui
1004 1459 1054 1496 est
1079 1458 1205 1496 ductus
1234 1458 1427 1495 vitellarius
1453 1459 1589 1502 vitelli,
1626 1461 1663 1496 in
1699 1460 1842 1497 summo

281 1517 346 1554 illo
370 1516 489 1564 injec‘ti
509 1516 653 1552 seminis
683 1521 810 1558 motu,
843 1515 984 1565 semper
1015 1516 1051 1552 Sc
1088 1514 1219 1564 absque
1251 1527 1373 1552 errore
1398 1514 1429 1551 se
1459 1516 1657 1553 immittere
1675 1545 1684 1559 ,
1723 1529 1842 1566 neque

282 1585 445 1634 utquam
473 1573 655 1614 aberrare,
677 1583 828 1610 omnem
856 1571 966 1609 fidem
993 1571 1159 1620 superat,
1193 1571 1228 1607 &
1254 1583 1272 1608 a
1301 1571 1446 1608 calculis
1468 1571 1591 1619 pofitis
1609 1573 1795 1610 refutatur.

398 1654 497 1693 Cum
517 1653 592 1690 haec
610 1651 841 1702 scripfiffem,
870 1665 982 1690 novas
1008 1652 1231 1700 obJeffiones
1254 1653 1307 1688 vir
1329 1654 1494 1700 egregius
1522 1652 1561 1690 C.
1581 1653 1616 1692 F.
1636 1654 1840 1692 Womus

282 1711 370 1749 huic
389 1710 689 1748 demonstrationi
711 1708 909 1758 opposuit,
944 1721 1053 1758 quam
1079 1716 1247 1757 putaret,
1267 1721 1286 1745 a
1304 1708 1344 1746 C.
1370 1708 1562 1747 Romi-ro
1588 1713 1692 1747 nimii
1710 1711 1842 1748 facium

284 1767 360 1805 effe.
394 1767 557 1805 Primum
578 1777 667 1814 ergo
693 1766 833 1813 objicit,
847 1766 1012 1803 vitellum
1033 1765 1082 1802 ali
1103 1778 1121 1802 a
1146 1760 1231 1801 vasi<
1250 1766 1371 1801 matris
1393 1765 1554 1813 gallinae,
1573 1768 1609 1803 δε
1634 1768 1677 1804 ab
1701 1769 1742 1804 iis
1760 1767 1842 1805 suos

285 1836 403 1861 ramos
428 1822 616 1860 arteriosos
639 1821 770 1858 habere
797 1821 1019 1871 venososque
1039 1820 1077 1866 i).
1142 1819 1191 1858 Ea
1218 1820 1294 1857 vasa
1317 1821 1491 1868 paulatim
1513 1825 1684 1861 excecari
1707 1852 1716 1866 ,
1753 1832 1842 1861 tunc

284 1892 379 1917 nova
411 1880 475 1916 alia
505 1878 695 1920 subnasci,
729 1889 775 1914 ex
801 1878 896 1920 fetu,
935 1890 1014 1928 quae
1046 1879 1082 1914 in
1115 1877 1280 1914 vitellum
1307 1877 1475 1914 didantur
1494 1879 1542 1921 k).
1604 1878 1751 1917 Deinde
1778 1892 1842 1928 per

282 1938 498 1986 nuperiores
524 1933 772 1984 inquisitiones
798 1935 964 1976 doctior,
1001 1936 1156 1971 omnino
1193 1941 1302 1981 negat
1332 1934 1557 1971 membranas
1584 1935 1719 1978 vitelli,
1753 1949 1840 1985 quas

286 1992 374 2031 duas
399 1999 590 2034 numerat,
623 1997 705 2028 ante
729 1991 1004 2028 incubationem
1026 1988 1174 2028 adfuiss'e
1188 1989 1219 2038 l)
1237 2017 1247 2033 2
1279 2001 1411 2039 easque
1432 2001 1544 2028 novas
1567 1992 1672 2035 facit,
1707 1992 1742 2028 ἀ
1759 1993 1842 2041 post

1737 2049 1840 2087 initia

322 2141 356 2181 Ι)
378 2153 405 2181 p·
423 2151 471 2180 9²

323 2185 357 2221 g)
380 2194 406 2221 p.
422 2193 447 2219 4.

327 2226 360 2260 h)
380 2194 412 2254 lL.
428 2223 550 2254 XXVH.
568 2232 594 2260 p¹
612 2231 677 2259 520.
701 2222 829 2253 AEstimat
841 2213 1122 2252 ernmefflm
1142 2224 1251 2261 enqwir.
1272 2231 1301 2259 Ρ.
1320 2231 1363 2258 ¹9-
1379 2221 1414 2251 ad
1434 2230 1480 2258 92,
1502 2214 1569 2257 408.
1592 2232 1656 2260 ¹29
1676 2231 1836 2260 934.910.

289 2267 356 2294 6οι
374 2274 440 2299 442.
456 2274 522 2301 073.
541 2273 596 2301 7<2
623 2274 692 2293 000.
726 2263 799 2292 Vide
816 2263 901 2292 etiam
918 2273 1002 2300 quam
1018 2272 1138 2300 parvum
1154 2262 1238 2291 faeiat
1255 2260 1320 2291 nas-2
1323 2262 1396 2293 entis
1410 2262 1538 2292 animalis
1552 2262 1668 2301 systema
1683 2272 1834 2300 nervenm,

292 2310 355 2338 1453
375 2313 439 2341 777.
461 2311 528 2340 089
556 2314 605 2340 ¹95
641 2307 706 2333 2.06
723 2307 790 2340 ο69.
809 2313 876 2341 993.
896 2312 960 2340 173.
976 2309 1048 2341 874.
1067 2311 1136 2341 072.
1154 2313 1222 2331 000.
1246 2303 1330 2332 unius
1345 2303 1442 2340 grani,
1466 2312 1496 2340 p.
1515 2307 1578 2335 128.

328 2347 353 2379 i)
374 2347 493 2382 Erzeug.
506 2354 533 2382 p.
550 2355 560 2374 1
573 2353 614 2374 12.
631 2353 696 2382 ¹¹7·

330 2386 361 2416 k)
383 2394 411 2422 p.
430 2393 492 2414 112,

332 2427 357 2464 l)
378 2435 406 2464 p.
423 2430 479 2463 278
502 2433 570 2462 279.
584 2429 651 2459 280·
667 2429 734 2459 281.
747 2429 814 2460 282.
