1955 2732
397 120 657 161 SECPIV.
717 117 926 160 VITA
986 116 1264 159 FETUS.
1530 131 1609 166 299

61 232 196 270 humor
215 258 223 274 ‚
260 231 322 280 qui
346 230 384 267 in
409 231 550 269 fetuum
573 231 714 278 magnis
737 229 923 266 ventribus
940 228 980 271 d)
1002 229 1180 277 reperitur
1194 256 1203 269 ,
1228 227 1265 263 &
1291 226 1328 263 im
1349 226 1474 267 adulto
1489 227 1611 266 homi-

63 302 108 326 ne
133 289 230 324 idem
250 288 381 336 palleat
400 316 410 331 ‚
440 288 596 324 laxiores
620 289 658 323 in
681 287 757 323 fetu
782 297 895 334 poros
923 284 991 322 effe
1017 283 1155 323 necesse
1179 284 1253 327 est,
1285 295 1350 332 per
1371 297 1465 334 quos
1486 286 1609 335 liquor

63 344 218 382 exsudat.

173 425 232 462 Sic
257 426 365 463 etiam
394 423 475 461 vola
498 433 625 460 manus
653 423 773 471 pueris
797 422 938 460 exhalat
960 423 993 465 e)
1008 450 1017 464 ‚
1051 433 1130 470 quae
1151 422 1189 459 in
1213 420 1352 459 adulti&
1367 420 1456 460 ficca
1479 422 1535 460 el’c

177 505 290 542 Nunc
317 506 406 553 quin
435 506 558 542 onmia
584 503 658 540 vasa
682 505 718 540 in
741 503 817 540 fetu
836 531 844 545 ,
878 513 946 551 pro
975 502 1095 539 cordis
1118 504 1259 540 ratione
1277 531 1287 545 ,
1322 503 1492 540 molliora
1523 502 1611 546 fint,

62 563 177 611 magis
201 560 382 598 extenfilia
398 589 407 602 ,
425 573 533 609 quam
553 562 590 596 in
613 560 738 597 adulto
759 559 920 601 homine,
938 571 1049 595 nemo
1075 558 1302 597 dubitaverit.
1334 560 1511 597 Accurate
1537 560 1612 597 vidi

62 619 100 655 in
122 617 223 666 pullo
254 629 319 654 cor
346 629 365 653 a
392 618 512 666 primo
537 623 752 658 momento,
771 628 845 665 quo
875 614 1113 663 conspicuum
1135 614 1201 658 fit,
1236 616 1426 653 robustum
1452 614 1517 653 effe
1537 644 1546 658 ,
1575 617 1611 653 &

62 675 184 721 magni
213 685 326 721 capax
352 682 473 710 motus
490 701 499 715 ,
532 685 650 722 neque
674 672 774 709 facile
803 685 847 709 eo
877 680 1044 719 tempore
1071 679 1217 708 motum
1250 673 1324 719 ejus
1350 671 1492 709 destrui.
1554 672 1608 710 Eo

62 731 172 767 etiam
196 737 362 777 tempore
383 731 518 766 arteriae
530 725 577 777 f)
593 757 602 771 ‚
637 729 744 765 etiam
766 740 882 777 prope
901 740 964 765 cor
983 755 992 770 ,
1018 735 1145 765 tenues
1166 727 1268 770 sunt,
1295 741 1414 777 neque
1442 728 1612 767 haetenus

61 798 208 835 opacae,
239 797 359 834 neque
384 785 507 822 densae.
568 784 744 822 Paulatim
763 792 863 821 aorta
886 785 964 821 alba
989 783 1056 826 fit,
1091 785 1126 821 &
1149 783 1260 821 solida
1277 813 1287 827 ‚
1320 797 1391 834 qua
1422 784 1526 827 cardi
1562 786 1614 822 vi-

60 844 144 880 cina
172 842 222 879 est
238 870 247 884 ‚
280 853 363 878 nam
393 843 499 878 etiam
520 848 607 879 tunc
631 841 693 879 sub
716 840 881 879 dudtibus
906 839 1081 878 arteriofis
1109 840 1240 878 venosa
1264 841 1313 878 est
1336 842 1535 878 teneritate.

176 922 300 968 Quare
327 924 449 960 onmia
476 924 513 959 in
542 922 618 960 fetu
646 922 838 970 conjunsta
864 921 968 964 sunt,
1003 934 1082 971 quae
1108 920 1256 970 possunt
1282 923 1548 959 incrementum
1579 924 1617 960 in

62 979 150 1016 dato
172 986 340 1026 tempore
370 981 483 1026 majus
509 979 685 1016 reddere:
728 991 792 1016 cor
824 980 938 1026 majus
956 978 1025 1025 g),
1060 979 1216 1015 vividius
1235 1007 1244 1021 ‚
1277 980 1390 1026 magis
1421 978 1616 1016 irritabile:

64 1036 289 1084 frequentius
317 1037 453 1072 micans
472 1048 479 1072 :
521 1036 669 1072 Arteriae
690 1034 954 1072 numerosiores
976 1063 984 1075 ‚
1018 1036 1156 1083 viaeque
1176 1035 1268 1072 adeo
1289 1034 1429 1083 plures,
1449 1047 1513 1083 per
1531 1047 1628 1084 quas?

65 1092 279 1129 alimentum
300 1091 344 1127 ad
373 1093 496 1128 omnia
520 1091 648 1140 punst]
673 1092 839 1139 corporis
860 1090 1022 1128 animalis
1047 1093 1232 1127 mittatur:
1265 1091 1400 1128 eaedem
1428 1093 1582 1139 majores
1604 1120 1615 1135 ,

66 1154 106 1184 ut
135 1148 250 1194 major
277 1146 317 1183 fit
338 1159 460 1184 earum
478 1147 661 1189 dilatatio,
685 1149 719 1183 δι
747 1149 784 1183 in
811 1145 1081 1195 circumpofitas
1105 1155 1247 1195 partes,
1278 1148 1388 1195 inque
1415 1147 1619 1195 longitudi-

65 1216 150 1240 nem
172 1204 279 1239 nixus
292 1203 316 1239 h
353 1216 364 1249 3
396 1202 530 1239 eaedem
552 1203 702 1240 demum
721 1203 875 1240 laxiores
888 1231 897 1244 ‚
918 1204 951 1238 82
971 1205 1168 1239 teneriores
1182 1231 1191 1244 ,
1219 1210 1261 1240 ut
1279 1203 1457 1247 faciliores
1478 1203 1512 1240 se
1528 1216 1619 1252 prae-

61 1260 174 1295 ‘beant
212 1258 374 1297 subituro
406 1258 594 1307 sanguini,
627 1260 665 1296 &
702 1266 742 1296 ut
773 1260 906 1296 minori
938 1259 1065 1308 systole
1095 1265 1262 1312 tempora
1295 1260 1512 1298 incrementi
1538 1272 1619 1299 mo-

64 1322 199 1352 rentur.

574 1399 607 1440 §-
641 1394 784 1434 XVIII.
850 1395 1099 1445 Conformatio.

179 1483 222 1522 In
247 1483 383 1522 difficili
405 1512 414 1526 ‚
448 1497 526 1534 quo,
550 1498 642 1534 pene
670 1486 859 1524 defunstus
883 1486 986 1528 sum,
1021 1498 1134 1535 opere
1154 1514 1164 1529 ,
1196 1489 1377 1526 maximus
1403 1487 1494 1526 mihi
1515 1488 1620 1527 labor

67 1541 141 1583 est,
173 1543 328 1583 evitare,
357 1552 406 1577 ne
423 1543 584 1590 repetitis
609 1542 732 1579 iisdem
754 1546 975 1591 argumentis
997 1543 1145 1580 taedium
1161 1543 1285 1582 lectori
1311 1557 1490 1583 moveam.
1525 1545 1620 1591 Quae

66 1596 128 1634 hic
154 1596 320 1634 dicentur
339 1626 349 1640 ,
381 1609 421 1634 ea
450 1597 667 1645 oportuisset
697 1601 734 1635 in
767 1599 1023 1636 evolutionisi
1068 1599 1214 1636 historia
1246 1601 1391 1638 dicere:
1425 1601 1509 1638 inde
1529 1630 1539 1644 ,
1571 1614 1618 1639 ne

67 1653 194 1690 eadem
219 1655 270 1690 bis
291 1654 364 1691 dici
381 1652 516 1691 necesse
537 1654 634 1691 foret
648 1682 657 1697 ,
691 1656 762 1693 huc
782 1654 898 1692 avulsa
922 1655 1039 1693 retuli.

180 1733 269 1771 Non
290 1736 409 1781 agitur
433 1734 493 1772 hic
518 1735 562 1771 de
587 1737 813 1773 incremento
840 1736 932 1773 fetus
950 1764 959 1778 ‚
992 1735 1050 1784 [ed
1078 1736 1122 1773 de
1147 1737 1438 1786 configuratione
1461 1739 1620 1787 partium

68 1791 274 1837 majorum,
306 1790 507 1833 viscerum,
541 1789 693 1834 offium,
727 1791 998 1829 musculorum:
1026 1795 1148 1840 agitur
1181 1796 1288 1830 etiarn
1326 1794 1370 1831 de
1400 1794 1619 1833 mechanicis

68 1846 178 1883 causis
199 1874 208 1888 ‚
242 1858 321 1895 quae
347 1847 585 1895 embryonem
602 1859 647 1884 ex
662 1848 720 1885 sua
737 1850 905 1897 primaeva
924 1851 1083 1898 capitatae
1100 1851 1213 1897 galbae
1228 1849 1344 1898 figura
1367 1853 1404 1887 in
1420 1850 1616 1889 humanam

68 1902 225 1952 speciem
247 1902 454 1940 reformant.

183 1982 310 2020 Multae
339 1985 377 2019 in
403 1983 476 2022 hoc¹
508 1984 632 2022 labore
658 1984 767 2022 causae
794 1987 1019 2023 conveniunt
1040 2015 1050 2028 ,
1084 1998 1238 2035 quarum
1264 1987 1398 2036 aliquas
1429 1989 1587 2026 diximus
1607 2018 1616 2032 ‚

71 2038 153 2076 alias
180 2038 240 2076 hic
269 2041 428 2087 primum
454 2053 649 2090 propono:
680 2042 792 2079 latent
808 2071 817 2084 ‚
857 2050 950 2091 puto
971 2071 980 2086 ‚
1015 2043 1163 2092 aliquae,
1197 2045 1233 2080 &
1257 2044 1338 2081 alias
1364 2044 1498 2093 longus
1517 2045 1620 2084 labor

71 2095 174 2143 jubet
199 2096 389 2144 praeterire.

907 2152 973 2202 Pp
1008 2164 1028 2191 2
1143 2188 1147 2191 .
1566 2158 1618 2197 Ut

115 2220 147 2255 d)
170 2219 213 2248 De
228 2219 376 2256 pericardii
390 2229 460 2256 aqua
483 2219 513 2249 L.
524 2219 570 2249 IV.
587 2230 613 2258 p.
632 2226 696 2254 285.
713 2221 750 2250 de
762 2220 872 2258 liquore
884 2221 1009 2258 pec‘toris
1022 2221 1052 2251 L.
1064 2221 1139 2254 VIII.
1154 2232 1182 2260 p.
1193 2231 1257 2253 120.

115 2261 142 2292 e)
165 2259 363 2288 Bai-,nmmo
382 2260 500 2289 Pmsaff.
516 2260 550 2291 T.
565 2261 608 2290 lli.
629 2271 655 2298 p.
672 2271 738 2298 700.

110 2299 149 2338 f)
170 2302 265 2329 form.
280 2302 319 2329 du
330 2302 423 2336 pozt'et
435 2303 474 2330 II.
496 2311 521 2336 ρ.
544 2312 551 2329 1
564 2312 604 2335 24.

112 2341 145 2377 g)
167 2340 314 2369 Dmmm.
329 2348 401 2370 anat
425 2339 550 2379 rugsbmz.
565 2352 591 2370 ri.
613 2348 672 2373 «ΞΟ.

115 2380 148 2414 h)
169 2379 284 2417 Colligit
306 2381 391 2411 etiam
407 2382 550 2420 flammi.
565 2384 599 2411 de
609 2384 775 2415 imrement.
786 2381 844 2421 sete
857 2383 939 2412 velot.

117 2419 142 2457 ὓ
162 2429 191 2458 p.
208 2430 270 2456 149-
