1955 2732
423 140 693 180 SECT.III.
755 138 1190 179 SECUNDAE.
1511 147 1591 183 239

28 258 125 288 terea
155 249 231 287 duo
254 249 308 288 Cl.
334 249 402 286 viri
418 248 456 294 b>
475 261 592 298 nuper
613 255 741 286 contra
768 248 950 297 sanguinis
975 248 1014 285 in
1036 247 1242 297 placentam
1260 253 1510 284 commeatum
1531 256 1595 284 ex-

29 308 231 356 perimenta
254 306 506 356 produxerint.
547 305 639 343 Sunt
663 317 704 342 ea
729 305 934 343 multorum
960 315 1150 353 generum.

143 387 219 425 ILL.
249 388 398 437 quidem
426 386 697 426 ROEDERERUS
725 388 974 424 membranam
999 384 1219 423 vasculosam
1243 384 1337 423 uteri
1360 384 1392 427 c)
1413 411 1423 425 ‚
1456 394 1535 432 quae
1557 385 1595 421 in

30 445 244 494 graviditate
278 445 432 482 nascitur
452 472 460 486 ‚
504 444 693 481 manifesto
743 443 854 482 docet
883 456 969 481 cum
999 444 1209 480 membrana
1247 439 1433 478 reticulata
1479 439 1596 477 chorii

31 503 151 544 uniri,
185 509 226 540 ut
250 504 358 539 etiam
383 501 518 538 arteriae
549 502 584 538 &
617 512 716 539 venae
741 501 929 550 utriusque
953 500 1148 538 velamenti
1174 498 1412 539 misceantur,
1447 496 1484 533 &
1512 507 1596 534 coa-

34 558 174 596 lescant.

142 639 233 677 Non
253 638 336 676 ideo
358 638 519 676 admittit
537 637 719 687 sanguinis
743 637 850 688 ipsius
876 639 943 675 iter
970 650 989 674 a
1019 645 1134 675 matre
1159 636 1204 674 ad
1233 636 1358 674 fetum.
1401 633 1499 672 Nam
1519 645 1598 671 eam

31 696 279 733 membranam
305 695 566 733 filamentosam
589 702 699 744 negat
719 695 760 740 d)
788 694 1000 743 sanguinem
1024 694 1128 732 suum
1157 692 1243 730 vafis
1279 691 1419 730 tradere
1451 690 1598 728 umbili-

32 752 167 790 Calibus
185 753 328 802 :quod
351 760 473 790 tamen
501 753 591 789 olim
610 759 644 801 e)
660 781 670 795 ,
705 760 745 789 ut
766 751 930 795 videtur,
962 758 1131 800 expertus
1154 750 1346 799 scripserat.

144 834 307 872 Adnotat
338 834 512 883 placentae
542 833 770 883 superficiem
797 845 1002 871 convexam
1026 862 1034 876 ,
1073 845 1151 883 quae
1176 840 1323 869 uterum
1357 829 1527 879 respicit,
1561 829 1599 866 in

31 889 194 940 placenta
217 889 454 928 recentissime
480 890 597 928 avulsa
615 919 625 933 ‚
658 890 870 938 sanguinem
903 889 1047 928 nullum
1083 884 1334 937 emitteres),
1368 899 1412 924 ne
1445 883 1600 935 pressam

32 946 184 996 quidem
199 950 245 995 g)
273 960 280 984 ε
323 955 363 985 ut
391 947 449 984 alii
477 947 531 986 Cl.
560 949 652 990 viri,
689 948 798 984 etiam
834 947 980 996 repletis
1007 947 1138 995 injesto
1170 945 1328 983 humore
1353 944 1393 987 h)
1424 942 1599 992 placentae

31 1002 117 1040 ‘vafis
140 1033 149 1046 ,
182 1004 273 1041 nihil
298 1004 456 1041 viderint
479 1016 518 1041 ea
539 1004 583 1041 de
610 1004 691 1041 sede
709 1002 882 1041 effluxiffe
898 1032 908 1046 ‚
941 1010 1070 1053 praeter
1092 1014 1223 1053 aquam
1239 1030 1248 1044 ‚
1271 1013 1350 1051 quae
1371 1012 1464 1049 aegre
1486 1007 1601 1036 trans-

31 1060 114 1096 ierit
141 1062 197 1104 i)⁴‚
230 1068 291 1098 aut
319 1069 429 1098 tenue
452 1061 541 1110 quid
559 1061 597 1104 le)
629 1073 707 1098 non
733 1061 982 1108 sanguineum.

144 1141 370 1190 Praegrandia
398 1144 493 1179 uteri
518 1142 649 1180 venosa
671 1141 791 1179 oscula
807 1141 837 1185 l)
854 1147 963 1189 negat
986 1142 1039 1178 vir
1056 1140 1229 1183 summuS,
1250 1138 1452 1188 quidquam
1468 1138 1503 1174 in
1525 1136 1601 1185 pla-

31 1203 136 1235 centa
161 1200 321 1246 reperire
338 1227 347 1240 ‚
379 1198 480 1247 quod
507 1197 570 1236 fibi
596 1198 812 1247 respondeat
836 1210 844 1234 z
883 1197 929 1235 Et
957 1207 1054 1235 certe
1074 1226 1083 1240 ‚
1116 1198 1180 1247 qui
1201 1195 1422 1245 respondere
1455 1193 1601 1242 scripse=

31 1261 118 1291 runt
139 1283 148 1297 ‚
182 1262 283 1292 totos
307 1257 431 1292 acinos
449 1254 501 1299 m)
525 1283 533 1297 ,
568 1256 604 1292 ὃς
631 1255 780 1292 demum
810 1253 994 1303 processus
1018 1253 1058 1298 π)
1084 1253 1259 1304 placentae
1276 1281 1285 1295 ,
1319 1253 1429 1289 etiam
1458 1251 1601 1289 semun-

33 1322 114 1348 cem
135 1311 252 1354 latos‚
281 1313 318 1348 in
350 1314 445 1349 uteri
485 1311 578 1349 finus
606 1311 641 1349 se
670 1313 855 1350 inmittere
890 1312 1069 1349 dixerunt.
1132 1311 1223 1348 Non
1252 1318 1371 1346 autem
1402 1308 1601 1355 analogum

32 1366 202 1410 videtur,
238 1370 404 1404 minimas
431 1369 614 1406 arteriolas
635 1368 671 1413 0)
695 1368 906 1416 sanguinem
936 1368 1020 1405 dare
1053 1369 1092 1404 in
1122 1379 1229 1404 venas
1261 1364 1533 1414 grandissimas,
1564 1365 1602 1400 in

33 1425 166 1474 quibus
191 1437 256 1473 per
274 1424 374 1474 leges
390 1425 662 1474 hydrostaticas,
684 1433 870 1474 tamquam
888 1426 925 1461 in
945 1425 1038 1467 lacu,
1052 1424 1193 1472 sanguis
1213 1424 1392 1460 continuo
1412 1422 1597 1469 stagnaret.

143 1505 311 1544 Demum
336 1507 480 1545 videtur
509 1508 564 1545 vir
599 1507 653 1546 Cl.
670 1505 714 1555 p)
748 1506 825 1545 haec
846 1507 933 1544 ostia
956 1505 1090 1543 habere
1111 1517 1180 1555 pro
1206 1504 1368 1542 laceratis
1398 1501 1538 1541 venosis
1558 1501 1601 1539 fi-

32 1563 153 1601 nubus
174 1591 185 1606 ,
221 1563 258 1601 &
289 1563 596 1614 haeniorrhagiam
620 1577 666 1603 eo
691 1563 827 1607 refert,
860 1575 939 1613 quae
962 1564 1000 1600 in
1028 1570 1133 1612 partu
1162 1561 1202 1600 fit
1219 1561 1266 1609 q).
1532 1614 1560 1653 P

1563 1627 1602 1653 er

71 1687 105 1722 h]
128 1689 222 1718 Anax.
239 1688 362 1719 Moneo
383 1691 412 1718 in
423 1689 456 1720 11.
477 1691 503 1719 ὃ(
518 1690 565 1720 Ill.
579 1689 614 1720 T.
639 1688 697 1730 Eff
709 1689 767 1727 osa
783 1691 883 1720 Societ.
902 1695 934 1718 at
949 1689 1063 1719 Edimh.
1087 1688 1113 1717 ἃ
1130 1686 1165 1717 T.
1182 1686 1202 1717 I.
1231 1682 1288 1726 Effi
1302 1685 1366 1724 osa
1385 1686 1484 1716 Societ.
1498 1684 1599 1724 phffc.

33 1731 92 1759 and
114 1730 200 1758 litter.
228 1731 255 1759 ἃ
284 1731 308 1766 J.
321 1731 353 1760 G.
370 1731 551 1760 Romamn.
570 1733 604 1760 de
614 1737 695 1760 utero
704 1732 835 1769 gravido.

75 1769 106 1803 c]
129 1780 156 1806 p.
173 1779 219 1804 24.
236 1779 281 1806 25.

77 1809 112 1844 d]
135 1819 163 1847 p.
179 1820 223 1844 25.

73 1849 102 1884 e]
127 1853 188 1883 Fet.
199 1850 312 1889 perfia.
331 1861 357 1880 n.
374 1854 400 1881 6.
439 1852 531 1882 Etiam
547 1852 727 1883 Romnum·
742 1851 938 1882 membranam
955 1849 1136 1881 reticularem
1157 1849 1231 1887 tingi
1253 1848 1289 1879 ab
1308 1847 1449 1885 humore,
1467 1857 1517 1885 per
1538 1845 1602 1877 vasa

32 1890 175 1969 plasigntae
201 1892 322 1929 impulso
344 1894 440 1924 Mem.
458 1896 491 1923 de
511 1898 595 1932 ¹7¹⁶·
617 1903 644 1932 p.
663 1903 729 1932 27¹-

140 1942 167 1968 p.
185 1942 231 1970 27.

73 1971 107 2009 g]
131 1973 233 2002 Hom.
246 1973 362 2011 praelec‘l.
378 1984 404 2010 p.
423 1980 467 2011 38.
484 1974 602 2013 chylum
614 1974 713 2006 solum.

77 2012 112 2045 h]
139 2013 272 2045 Benene.
292 2024 319 2051 p.
338 2024 408 2052 473-

38 2091 47 2098 ·
83 2052 111 2086 i]
134 2052 276 2084 Momoo
301 2053 356 2095 Eſj:
377 2053 413 2092 os
426 2067 444 2085 a
464 2058 563 2087 Societ.
584 2063 616 2085 at
634 2057 750 2088 Edimb.
767 2057 869 2093 111.p.
885 2062 952 2092 275.
969 2052 1004 2084 T.
1017 2052 1064 2084 IV.
1080 2062 1109 2091 p.
1128 2063 1198 2091 450.
1223 2051 1380 2083 Minimum
1408 2051 1476 2089 quid
1505 2050 1543 2083 de
1559 2051 1602 2080 in·

36 2093 113 2129 ‚eno
136 2092 255 2123 humore
279 2096 395 2125 transire
418 2096 551 2126 Rumon
571 2097 641 2126 ibid.
656 2107 684 2135 p.
702 2107 746 2134 55.

76 2132 110 2168 k]
135 2133 255 2164 Morino
269 2134 303 2165 ΙΙ.
325 2146 350 2172 p.
371 2142 427 2169 :ug

85 2174 111 2208 l]
134 2175 247 2205 Atsm.
266 2178 363 2206 adnot.
386 2176 415 2206 L.
432 2177 461 2207 V.
479 2185 498 2207 t.
515 2188 537 2207 1.
557 2187 582 2207 e.
600 2184 673 2208 uter.
686 2180 800 2216 gravid.
816 2184 836 2207 t.
854 2185 880 2214 7.
906 2175 1133 2206 Noomwvex.
1150 2184 1177 2213 p.
1198 2178 1261 2205 126.
1295 2173 1340 2204 De
1363 2183 1392 2202 F·
1409 2172 1600 2209 l¹lffqu²³llffioe

35 2222 137 2244 monet
159 2215 312 2246 Sumen.
330 2219 362 2246 de
372 2219 492 2255 placent.
509 2228 558 2256 με
569 2229 589 2248 ι.
617 2219 738 2248 Minima
752 2219 837 2248 etiam
852 2215 945 2247 oscula
959 2215 1013 2246 effe
1025 2238 1033 2252 ‚
1052 2215 1277 2253 decolorenique
1290 2216 1430 2251 injectum
1445 2214 1598 2243 humorem

37 2253 174 2285 exsudare
198 2256 319 2286 Momm
342 2258 398 2298 LJJJ
413 2257 478 2296 osa
500 2261 599 2290 Societ.
621 2266 653 2288 ut
673 2261 788 2291 Edimh.
803 2260 844 2289 Π.
866 2262 964 2295 p.108
985 2257 1071 2292 ‘ld-4·

78 2295 122 2330 m]
146 2295 308 2327 namon.
326 2297 378 2337 fet.
397 2301 500 2329 nutrit.
536 2298 918 2337 Dantineoumfferioch.
946 2297 1098 2327 HOFMAN.
1117 2299 1186 2328 Idea
1200 2307 1224 2333 p.
1243 2302 1278 2332 99

78 2335 113 2370 n]
136 2337 258 2367 Smsou
274 2338 291 2368 l.
308 2348 331 2368 c.
351 2338 450 2369 calami
468 2340 587 2370 crassitie
603 2340 747 2378 precelsus
760 2340 787 2370 se
804 2339 841 2370 de
854 2345 938 2370 utero
952 2338 1068 2369 feminae
1081 2338 1204 2377 gravidae
1219 2337 1356 2367 eduxffle.

79 2375 110 2410 o]
132 2376 400 2410 UtNoonwxex
425 2391 453 2418 p.
471 2391 516 2413 ιο.

75 2415 112 2453 p]
135 2426 161 2454 p.
181 2426 228 2456 23.

80 2456 114 2497 q]
135 2466 163 2496 p.
183 2466 231 2498 25·
