1955 2732
312 130 387 177 μω
779 113 873 153 LIB.
908 113 1056 165 XXIX.
1117 114 1146 153 F
1175 113 1204 154 E
1233 115 1267 154 T
1296 115 1332 153 U
1361 115 1395 154 S.

299 223 431 263 hordei
449 224 484 269 c)
512 219 687 272 anguillas
707 225 866 271 generet.
901 221 946 260 Et
974 233 1085 259 omne
1105 234 1239 272 corpus
1258 225 1475 272 organicum
1502 234 1567 273 per
1586 227 1862 273 generationem

299 278 516 329 formaris).
575 278 720 318 Animal
740 277 808 316 esse
833 279 1003 316 arborem
1018 278 1115 316 foliis
1137 279 1263 317 factam
1277 308 1286 322 ‚
1319 279 1383 317 fibi
1404 281 1625 318 continuatis
1633 285 1690 329 g).

412 360 579 399 Primum
602 371 752 409 germen
773 361 940 409 corporis
964 361 1130 408 organici
1155 359 1223 398 effe
1249 360 1546 410 fimplicissimum
1565 390 1573 404 ,
1606 363 1773 401 nondum
1800 374 1862 401 or-

298 420 495 469 ganicum,
529 429 575 454 ne
600 418 715 466 prima
742 417 893 466 quidem
915 416 1132 455 lineamenta
1158 416 1293 455 habens
1319 418 1480 455 animalis
1499 417 1553 462 h),
1568 426 1609 456 ut
1634 418 1714 457 sunt
1735 420 1862 457 salium

299 474 462 525 crystalli.
525 472 689 512 Celerius
711 473 798 510 hinc
819 473 970 510 formari
996 473 1209 511 animalcula
1238 473 1387 511 minima
1407 503 1417 517 ,
1453 487 1532 524 quae
1562 487 1608 512 ex
1627 476 1861 524 paucioribus

301 531 527 580 germinibus
555 529 744 568 nascantur
764 557 774 573 ,
807 529 905 566 lente
933 542 1013 579 quae
1040 530 1242 579 compofita
1259 531 1289 574 i)
1316 533 1442 579 magis.

413 611 506 651 Dari
535 613 574 648 in
599 611 789 657 naturak)
822 610 963 648 causam
988 610 1118 648 realem
1139 612 1404 659 prvduffrlcem.

412 692 556 731 Totum
579 693 774 741 negotium
796 693 1038 742 vegetationis
1067 692 1193 730 reduci
1223 694 1268 731 ad
1293 695 1367 730 vim
1394 694 1614 742 expansilem
1630 693 1660 739 l)
1679 724 1689 738 ,
1722 706 1801 744 quae
1824 696 1863 732 in

300 751 449 789 materie
475 748 639 791 habitet,
674 749 710 786 ὃς
733 748 777 786 ad
796 750 871 786 vim
893 748 1112 786 resistentem
1129 748 1191 793 m).

412 831 505 871 Dari
539 832 763 880 principium
794 830 1029 880 expanfivum
1053 831 1208 880 perfecie
1230 830 1467 874 elasticumn)
1483 861 1493 875 ‚
1517 832 1801 870 determinatum
1825 834 1864 870 in

301 888 469 939 quolibet
488 887 524 931 0)
553 889 689 936 puncto
720 886 872 924 sensibili
908 889 1078 924 materiei.
1139 887 1309 925 Calorem
1333 889 1406 926 hoc
1423 891 1645 937 principium
1665 890 1832 937 adjuvare
1848 918 1858 932 ‚

301 953 343 984 ut
372 944 545 994 paulatim
578 943 643 981 fibi
668 944 846 993 reliquam
875 946 1062 981 materiem
1090 943 1316 992 assimiletp>.
1379 943 1455 982 Effe
1487 953 1594 982 etiam
1626 948 1664 982 in
1698 947 1865 995 quolibet

302 1002 439 1052 puncto
465 1002 628 1038 materiei
652 1001 863 1049 vegetabilis
886 1003 959 1037 vim
980 1008 1211 1048 vegetantem
1235 1030 1244 1044 ‚
1280 1001 1548 1050 producentem
1573 1001 1755 1041 filanienta
1771 1031 1780 1046 ,
1819 1013 1865 1039 ex

303 1059 435 1108 quibus
460 1056 674 1094 animalcula
696 1057 782 1093 fiant
806 1057 1069 1106 microscopica
1089 1056 1136 1103 q).

416 1138 511 1177 Sales
536 1137 604 1175 esse
631 1138 771 1176 causam
790 1137 1010 1175 resistentem
1027 1137 1092 1184 r);
1124 1149 1185 1174 eos
1207 1138 1462 1185 generationes
1489 1138 1768 1188 microscopicas
1797 1142 1866 1177 im.

303 1196 429 1246 pedire
451 1224 460 1238 ‚
494 1197 530 1232 Sc
557 1195 722 1232 animalia
747 1201 829 1231 nata
849 1194 880 1238 s)
909 1194 1078 1232 occidere
1097 1222 1107 1236 ,
1142 1194 1177 1230 ἃ
1207 1192 1318 1240 figere
1344 1195 1612 1232 incrementum
1641 1197 1793 1234 animale
1827 1197 1865 1234 Sc

305 1251 518 1301 vegetabile.
583 1251 687 1300 Aqua
711 1251 823 1289 diluta
845 1252 1056 1299 permittere
1076 1249 1248 1292 eosdem,
1281 1257 1322 1287 ut
1356 1250 1571 1289 animalcula
1602 1252 1865 1301 microscopica

304 1307 520 1348 reviviscant
549 1306 590 1352 t).
652 1307 785 1357 Neque
811 1308 1013 1356 quidquam
1040 1314 1231 1355 vegetare,
1264 1305 1329 1344 nisi
1352 1305 1480 1344 salibus
1510 1320 1575 1356 per
1601 1308 1866 1347 exlialatiorum

307 1366 505 1402 liberatum
527 1366 564 1401 in
591 1364 786 1413 gelatinam
815 1365 942 1401 abierit
960 1363 1010 1407 u).

419 1445 567 1484 Elevari
591 1446 637 1483 ad
660 1445 879 1482 vitalitatem
907 1445 1004 1482 idem
1034 1443 1102 1481 effe
1119 1472 1128 1486 ‚
1161 1443 1263 1493 quod
1285 1445 1410 1491 augeri
1433 1445 1508 1480 vim
1535 1445 1764 1493 expanfivam
1784 1474 1794 1488 ,
1829 1446 1867 1482 ἃς

306 1504 423 1541 minui
445 1502 663 1540 resistentem
682 1501 735 1546 x).
798 1501 1023 1538 Vitalitatem
1045 1501 1223 1543 obtineri,
1248 1500 1436 1548 explicatis
1459 1502 1646 1550 principiis
1666 1502 1786 1539 attivis
1801 1503 1866 1548 y);

308 1560 467 1610 deprimi
489 1571 576 1596 vero
592 1588 602 1602 ‚
637 1561 673 1596 &
696 1558 741 1596 ad
765 1558 1004 1607 vegetabilem
1026 1569 1192 1595 naturam
1211 1556 1328 1594 redite
1344 1584 1356 1599 ,
1391 1557 1539 1606 quando
1566 1560 1755 1596 contrariae
1784 1571 1868 1596 cau-

308 1618 350 1654 sae
367 1618 411 1663 z)
442 1616 622 1654 obtinent.
1825 1638 1870 1678 In

356 1707 382 1735 Λ
404 1715 432 1742 p.
451 1714 518 1740 225.

353 1746 393 1786 f)
416 1756 517 1783 paco.

350 1788 385 1825 g]
408 1796 434 1824 Ρ·
452 1795 520 1821 425-

348 1829 381 1859 ὁ)
404 1832 761 1864 1³-423-429-430·434

354 1871 379 1897 i')
404 1877 429 1902 o.
452 1877 519 1905 434.

359 1910 389 1940 k>
413 1918 439 1945 p.
456 1911 524 1940 216.

359 1950 384 1985 1)
407 1958 433 1985 p.
449 1951 516 1985 276,

351 1989 477 2023 nmibid.

351 2032 385 2063 n)
413 2041 439 2067 p.
457 2038 521 2065 320.

352 2072 381 2100 οὗ
404 2081 430 2108 p.
447 2076 514 2106 289.

348 2120 382 2149 p)
403 2121 433 2148 p.
448 2120 515 2146 429.
539 2120 602 2146 321.

353 2159 384 2191 q)
408 2162 434 2187 p.
450 2162 517 2186 241.

352 2193 383 2228 r)
405 2202 431 2229 p.
449 2201 514 2227 230.
534 2197 600 2229 278.
625 2191 920 2231 Βυηοκ.11.ρ.83.
947 2190 1031 2221 Conf.
1047 2191 1077 2222 L.
1093 2189 1205 2221 xxix.
1225 2199 1252 2228 p.
1270 2196 1320 2229 83.

353 2240 378 2262 s]
403 2243 427 2267 p.
448 2238 512 2266 230.

354 2274 380 2308 t)
402 2273 597 2311 Ctvzillp.3x7.

354 2320 387 2343 u)
411 2324 437 2349 μ.
457 2323 522 2350 ’,.·79.

354 2363 387 2382 x»
411 2364 436 2390 p.
459 2363 524 2389 3¹³·

349 2400 385 2432 5³
409 2404 436 2431 Ρ·
454 2403 519 2430 379-

354 2442 386 2471 2)
408 2444 434 2472 p.
454 2443 519 2472 313·
