1955 2732
306 120 383 162 278
779 113 874 153 ΜΒ.
906 113 1053 152 XXIX.
1114 113 1142 153 F
1172 113 1201 153 E
1231 114 1265 154 T
1296 113 1332 154 U
1360 113 1394 154 S.

416 221 455 260 Si
476 233 564 260 vero
586 249 596 265 ,
628 227 670 261 nt
699 222 791 260 velle
816 221 961 259 videtur
987 223 1043 259 vir
1068 221 1122 259 Cl.
1149 220 1206 266 a),
1229 223 1330 271 prius
1355 235 1374 260 a
1398 222 1507 261 succo
1523 251 1533 266 ‚
1564 235 1584 261 a
1604 222 1729 262 vitello
1754 223 1863 263 adve-

305 281 428 318 niente
447 308 458 323 ,
490 280 616 328 primae
634 291 734 316 venae
759 279 895 316 structae
917 278 1022 320 sunt,
1055 278 1154 315 nulla
1178 280 1271 316 ratio
1293 279 1396 316 datur
1419 280 1572 317 faciendi
1596 280 1741 323 circuli,
1764 281 1863 319 nulla

310 349 376 375 cur
405 336 571 379 venulaz,
604 348 684 385 quae
709 338 865 373 omnino
891 334 1172 372 innumerabiles
1189 335 1366 373 circulum
1393 334 1575 379 efficiunt,
1599 338 1697 384 prius
1720 338 1757 374 in
1777 350 1864 375 eum

308 392 566 436 confluxerint,
588 404 695 441 quam
711 394 846 441 potius,
865 399 906 429 ut
926 392 1131 441 oportebat,
1154 393 1190 428 in
1205 399 1377 430 truncum
1391 392 1567 429 venosum
1581 392 1739 442 aliquem
1757 396 1864 431 mini-

310 463 368 489 me
382 448 659 487 circumflexum
672 447 947 486 confluxissent:
965 448 1102 486 nullam
1117 456 1237 491 etiam,
1253 460 1318 485 cnr
1333 461 1379 486 ex
1397 449 1536 486 circulo
1554 462 1645 486 vena
1665 457 1746 487 nata
1761 449 1812 492 fit,
1826 452 1866 488 in

309 507 425 544 fetum
449 507 573 555 potius
589 533 599 548 ,
633 517 743 555 quam
768 507 805 542 in
830 506 1078 542 membranam
1105 504 1245 548 vitelli,
1278 505 1399 543 versus
1433 506 1606 543 verticem
1632 507 1688 543 ori
1715 513 1865 545 acutum

309 562 428 613 sparsa.
490 561 566 599 Cur
593 574 705 611 porro
729 574 768 599 ea
806 574 895 599 vena
920 573 985 599 cor
1010 562 1221 600 formaverit
1237 590 1247 604 ,
1284 562 1320 598 ὃς
1345 574 1391 598 ex
1417 573 1461 598 eo
1488 561 1601 599 corde
1623 574 1751 600 ramos.
1797 562 1866 601 La-

309 632 396 657 cum
422 626 637 667 oportuerat
662 617 828 656 formasse
847 647 856 661 ,
888 620 1067 656 continuo
1094 619 1271 666 majorem
1289 646 1298 661 ‚
1332 626 1373 656 ut
1399 617 1540 655 fluvioli
1568 619 1606 655 in
1632 618 1761 656 vallem
1790 632 1867 656 ma-

310 675 490 714 crocosmi
518 676 787 712 convenientes.
848 675 997 713 Nullam
1026 676 1176 712 demum
1208 675 1349 712 causam
1374 674 1463 718 dat,
1499 674 1523 711 fi
1548 675 1636 712 alius
1661 674 1791 713 fluvius
1821 675 1867 714 de

311 745 356 770 eo
377 732 457 770 lacu
481 733 595 775 exiit,
634 743 699 769 cur
724 733 751 769 is
775 731 906 769 fluvius
928 731 1109 769 dividatur
1131 733 1168 768 in
1195 732 1356 780 guttulas
1373 760 1383 774 ,
1417 743 1482 768 cur
1504 731 1654 770 demum
1670 731 1724 768 11ae
1740 740 1868 780 guttu-

311 789 352 826 1ae
372 817 382 831 ‚
409 800 489 838 quae
520 789 559 825 in
590 800 712 826 ramos
738 789 873 826 abeunt
900 788 1089 826 arteriosos
1107 817 1115 830 2
1148 789 1185 825 in
1220 800 1327 825 venas
1362 787 1596 825 reflefftantur.
1658 788 1789 838 Neque
1814 790 1869 826 vir

312 845 366 884 Cl.
390 846 571 883 rationem
590 845 703 882 ullam
726 846 935 895 promittit,
961 844 1155 894 quomodo
1183 857 1312 886 venas,
1346 857 1426 894 quae
1453 857 1530 881 non
1560 843 1628 881 sint
1657 856 1703 881 ex
1731 847 1869 883 arteriis

311 909 424 944 nane,
449 900 559 950 paulo
586 901 667 949 post
684 930 693 944 ‚
728 901 876 951 quando
903 901 957 938 hae
989 901 1175 950 aliquanto
1199 902 1360 940 uberiori
1385 901 1559 950 sanguine
1587 901 1840 940 distenduntur
1856 929 1867 945 ‚

311 958 501 996 manifesto
530 969 637 994 venas
660 958 865 1007 producere
882 958 1059 1007 adpareat.

427 1039 601 1089 Denique
624 1040 733 1077 etiam
763 1035 944 1088 incapite
974 1040 1186 1088 embryonis
1217 1039 1343 1087 primae
1382 1050 1481 1076 venae
1506 1038 1702 1088 adparent,
1735 1040 1872 1077 arteriae

313 1097 540 1147 posteriores.
575 1096 613 1133 N
617 1108 688 1134 unc
712 1108 758 1134 eo
785 1097 823 1133 in
842 1095 1013 1145 exemplo
1038 1094 1145 1133 nullae
1162 1096 1199 1131 in
1218 1108 1324 1132 venas
1345 1107 1365 1132 a
1388 1096 1514 1133 vitello
1535 1095 1722 1144 suppetitae
1739 1094 1872 1133 venisse

315 1161 539 1204 potuerunt:
566 1154 691 1190 omnia
717 1165 763 1190 ex
788 1154 924 1190 arteriis
946 1154 984 1189 in
1003 1164 1111 1189 venas
1135 1151 1271 1190 necesse
1297 1152 1347 1189 est
1373 1151 1561 1195 transiisse,
1595 1153 1631 1189 &
1652 1151 1773 1190 suadet
1791 1164 1876 1189 ana-

315 1212 424 1259 logia,
444 1222 520 1247 uon
536 1208 710 1246 diversam
733 1208 801 1247 effe
823 1221 997 1246 venarum
1021 1208 1096 1246 aliis
1119 1209 1156 1245 ὃς
1174 1207 1249 1245 aliis
1271 1210 1309 1246 in
1329 1207 1421 1246 locis
1441 1210 1623 1258 originem
1639 1237 1649 1251 ,
1682 1215 1723 1246 ut
1740 1210 1777 1245 in
1793 1220 1874 1246 area

315 1267 429 1304 vitelli
454 1278 499 1304 ex
523 1265 649 1304 vitello
668 1267 739 1304 vias
762 1265 914 1304 acerosae
928 1266 1092 1304 materiei
1112 1263 1315 1314 perfluente
1334 1272 1555 1315 generentur
1578 1292 1588 1308 ,
1621 1266 1660 1302 in
1683 1266 1801 1314 capite
1822 1265 1877 1302 fe-

316 1332 372 1362 tus
398 1335 443 1360 ex
464 1331 601 1361 arteriis

430 1404 520 1450 Quo
545 1405 659 1453 magis
682 1412 804 1441 autem
827 1404 1032 1441 nascentem
1059 1404 1300 1453 embryonem
1325 1403 1486 1441 meditor
1501 1431 1511 1447 ‚
1545 1415 1592 1441 eo
1621 1403 1764 1453 plenius
1796 1414 1879 1451 per-

316 1460 489 1504 suadeor,
513 1459 617 1498 simul
647 1459 794 1498 adfuisse
820 1470 937 1510 partes
966 1471 1177 1506 connexas;
1212 1459 1317 1497 fimul
1341 1461 1486 1497 arterias
1509 1488 1519 1503 ,
1555 1472 1639 1497 cum
1662 1459 1731 1497 suis
1756 1460 1876 1503 venis,

317 1531 404 1556 cum
431 1518 499 1556 suis
529 1517 722 1555 visceribus
742 1546 752 1560 ,
783 1530 868 1555 cum
893 1517 962 1554 suis
988 1515 1168 1555 sodalibus
1188 1518 1308 1554 nervis
1331 1544 1341 1559 ,
1373 1528 1460 1554 cum
1478 1516 1547 1554 suis
1567 1515 1709 1553 ossibus.

433 1599 635 1648 Nunquam
666 1598 738 1636 ulla
772 1598 876 1636 sortis
904 1598 1053 1636 felicitas
1087 1599 1278 1641 arteriam,
1315 1610 1362 1635 ex
1391 1596 1503 1635 corde
1537 1604 1656 1635 ortam
1674 1625 1685 1640 ‚
1722 1609 1879 1641 venam,

320 1657 456 1694 arteriae
487 1657 706 1693 continuam
725 1684 735 1698 ,
769 1668 923 1693 nervum
950 1668 969 1692 a
996 1656 1140 1704 penitus
1171 1655 1238 1692 alia
1266 1655 1436 1703 origine,
1469 1654 1514 1691 de
1545 1655 1696 1691 cerebro
1724 1661 1878 1696 natum,

321 1715 358 1751 in
382 1712 570 1751 fasciculos
590 1713 727 1762 ubique
752 1724 815 1761 per
836 1724 970 1761 corpus
990 1712 1143 1749 animale
1161 1710 1381 1759 collegisset,
1404 1711 1467 1760 qui
1488 1709 1522 1747 se
1541 1709 1683 1748 indivisi
1709 1721 1773 1759 per
1797 1721 1881 1748 cor-

321 1783 388 1820 pus
416 1769 569 1807 animale
596 1771 818 1807 comitantur
847 1798 856 1813 ,
889 1768 953 1805 nifi
980 1770 1018 1805 in
1050 1770 1226 1817 primaevo
1246 1768 1341 1806 fetus
1371 1766 1571 1817 archetypo
1607 1767 1746 1805 arteriae
1773 1766 1880 1804 vesae-

323 1839 394 1877 que
422 1831 484 1864 eos
513 1838 646 1863 nervos
669 1839 689 1863 a
713 1834 840 1863 natura
865 1825 1003 1863 sodales
1023 1823 1247 1874 accepissent.

436 1907 637 1957 Nunquam
665 1919 730 1945 cor
753 1936 763 1951 ,
796 1906 821 1944 fi
850 1914 933 1945 ante
968 1919 1100 1945 venam
1129 1907 1257 1944 arteria
1281 1904 1447 1943 adfuisset
1471 1934 1482 1948 ,
1515 1903 1706 1954 accepisset
1728 1932 1737 1947 ,
1773 1915 1886 1953 quem

324 1964 487 2001 emiserat
513 1964 750 2012 sanguinem:
782 1967 964 2002 continuo
988 1976 1075 2001 vero
1101 1964 1196 2012 perit
1219 1963 1372 2011 embryo
1389 1990 1399 2005 ‚
1432 1962 1581 2012 quando
1613 1963 1641 1998 is
1666 1960 1828 1998 stimulus
1855 1961 1888 1997 ei

325 2020 542 2059 subtrahitur
557 2020 617 2065 h),
644 2033 756 2070 quem
789 2033 808 2057 a
843 2021 1014 2070 sanguine
1043 2019 1177 2057 venoso
1208 2031 1273 2057 cor
1303 2019 1419 2056 habet.
1482 2018 1615 2068 Neque
1637 2029 1800 2069 unquam
1819 2045 1829 2060 ,
1862 2015 1889 2053 fi

325 2089 416 2115 vena
443 2076 562 2114 fuisset
591 2085 673 2115 ante
699 2080 896 2120 arteriam,
930 2084 1103 2126 potuerat
1132 2077 1287 2118 evitari,
1326 2076 1417 2124 quin
1449 2081 1588 2112 tantam
1620 2074 1800 2123 sanguinis
1825 2085 1889 2123 pe-

324 2146 437 2176 num,
470 2140 642 2183 quantam
674 2146 766 2170 vena
795 2106 938 2171 tantillo
968 2134 1160 2183 embryoni
1184 2132 1332 2174 adfert,
1365 2143 1409 2168 ex
1435 2139 1556 2181 aperta
1586 2131 1728 2168 enormi
1754 2136 1852 2166 aorta
1875 2156 1887 2171 ,

326 2202 391 2228 cor
427 2189 519 2228 adeo
548 2190 719 2228 irritabile
742 2188 778 2239 c)
804 2193 842 2229 in
873 2202 1026 2229 mucum
1058 2198 1207 2228 tenuem
1243 2190 1279 2226 &
1309 2186 1557 2226 mollissimum
1590 2184 1892 2236 circumpositum

1772 2241 1892 2279 subito

370 2321 403 2351 a)
425 2325 516 2357 1281,

369 2362 399 2395 h)
423 2363 473 2390 Γοι
474 2372 517 2391 ·.m
533 2363 679 2398 dupoulet
690 2363 766 2400 II.p
749 2371 776 2400 p.
801 2369 864 2397 1¹4.

370 2402 398 2438 e)
421 2400 452 2430 Id
466 2401 515 2431 dat
529 2401 563 2431 Cl
581 2401 763 2440 Womus,
783 2411 879 2440 neque
893 2400 1000 2439 absque
1024 2410 1057 2431 ea
1078 2400 1107 2430 vi
1131 2406 1245 2430 motum
1266 2399 1369 2431 fuisset.
