1955 2732
256 126 421 166 SECT.
453 126 505 165 II.
565 125 931 166 PRIMORDIA
969 124 1130 166 NOVI
1168 125 1475 165 ANIMALIS.
1569 136 1644 174 16,-

88 235 123 272 le
153 234 244 272 dieta
274 233 384 277 sunt,
418 235 502 272 octo
525 234 712 272 cornubus
741 234 939 277 instructo,
990 236 1029 271 in
1064 224 1196 283 quibus
1223 242 1346 272 motus
1380 232 1464 271 esset
1493 233 1650 282 peristal-

87 293 180 328 ticus
200 318 210 333 ‚
245 291 281 327 &
304 292 408 338 cujus
424 303 525 328 crura
550 291 691 340 papillis
709 291 867 339 adspersa
887 290 1039 327 mirifice
1059 291 1095 327 ἃ
1113 291 1262 328 extendi
1281 290 1425 340 pollent
1452 292 1486 327 ἃ
1504 300 1650 328 contra-

86 346 155 386 hi:
187 347 343 390 addidit,
364 349 484 395 junius
504 347 636 384 animal
657 348 701 384 de
729 347 838 385 latere
866 347 1014 396 prodire
1039 376 1048 390 ,
1085 348 1120 384 &
1148 355 1305 397 quatuor
1333 351 1454 396 primo
1474 377 1482 389 ‚
1520 347 1651 384 deinde

86 404 221 440 iterum
252 412 409 452 quatuor
437 416 573 447 cornua
605 403 810 453 producere
829 432 837 445 ‚
874 412 963 441 tunc
1001 404 1045 440 de
1072 412 1187 440 matre
1216 404 1401 440 decedere.
1440 404 1510 441 Sed
1541 406 1650 440 etiam

89 459 187 497 aliud
208 460 477 503 animalculum,
495 461 538 497 acl
562 460 721 497 radicem
744 460 923 498 lenticulae
944 460 1068 497 sedens
1089 489 1099 503 ‚
1133 461 1255 510 biceps
1274 489 1283 503 ‚
1318 463 1353 497 ὁὶ
1378 471 1467 498 rotae
1497 461 1541 497 ad
1568 472 1651 498 mo-

87 515 175 553 dum
201 517 458 554 circumactum
482 517 640 565 ejusdem
668 516 1054 554 LEEUWENHOECKII
1079 520 1133 561 e),
1167 518 1258 554 mihi
1281 517 1425 554 videtur
1449 517 1494 553 de
1520 517 1650 566 polypi

86 575 309 620 cognatione
332 571 466 621 effes).
507 573 643 612 ,Porro
657 573 702 620 g)
726 572 885 622 ἱῙοΒμοΤ
903 602 912 616 ,
946 573 1036 611 dum
1059 586 1195 611 novam
1217 576 1478 624 propaginem,
1501 585 1581 623 quae
1604 573 1649 611 de

83 629 206 666 matris
230 628 338 667 latere
364 629 508 667 decedit
528 659 538 673 ,
566 629 745 678 depictam
767 630 887 672 dedit,
913 630 1004 667 nihil
1027 630 1091 667 nifi
1117 631 1300 680 polypum
1322 630 1526 678 intelligere
1549 629 1650 668 vide-

82 691 151 722 tur.
187 683 361 735 Denique
374 685 528 724 Pramus
543 685 742 724 LYONNET
759 686 797 731 h)
813 686 1072 724 animalculum
1094 687 1220 724 semini
1239 689 1394 725 taraxaci
1414 686 1526 724 fimile
1542 686 1645 729 dixit,

81 743 142 779 cui
171 741 265 778 fetus
297 742 475 780 exlatere
508 743 692 792 prodeat,
726 743 926 793 senfimque
952 743 1142 792 separetur.
1205 744 1308 782 Idem
1340 743 1526 781 diffee'tum
1557 744 1649 781 vidit

81 799 262 846 integrari.
324 798 403 847 Ipse
422 799 512 836 olim
534 799 777 838 Lmnmzms
808 812 877 850 pro
908 800 972 838 suo
999 800 1205 838 incredibili
1234 802 1387 849 ingenio
1420 799 1488 837 effe
1514 799 1647 838 alicubi

80 855 263 905 polypum
287 854 508 894 divinaverat
526 853 575 907 i).

190 935 296 974 Adeo
332 937 446 975 multa
476 946 598 975 tamen
636 938 775 975 addidit
811 938 900 976 felix
935 938 1106 976 industria
1141 937 1360 976 ABRAHAnn
1392 937 1644 982 TREMBLEY‚

80 998 123 1029 ut
147 1004 233 1030 cum
262 995 413 1031 nomine
439 996 514 1042 ejus
541 995 703 1032 animalis
728 1007 866 1032 nomen
890 996 1095 1032 inventoris
1118 1007 1196 1032 non
1222 995 1331 1032 dubie
1355 993 1395 1031 fit
1420 994 1464 1031 ad
1482 996 1646 1044 posteros

77 1048 320 1087 transiturum.
384 1051 510 1088 Multo
542 1054 639 1088 enim
664 1051 766 1101 plura
790 1052 906 1094 vidit,
934 1052 970 1088 ἃ
998 1051 1117 1089 multo
1149 1051 1304 1094 melius,
1339 1051 1376 1088 δε
1407 1051 1558 1089 demum
1586 1052 1646 1090 sua

78 1107 327 1155 experimenta
352 1107 399 1143 ita
426 1107 516 1156 saepe
533 1109 699 1150 iteravit,
732 1117 773 1145 ut
795 1106 904 1145 fidem
928 1107 991 1145 fibi
1011 1108 1135 1145 haberi
1157 1115 1334 1157 cogeret,
1369 1110 1476 1146 etiam
1497 1110 1642 1147 invitos.

188 1186 350 1236 Polypus
386 1200 473 1236 ergo
499 1189 537 1232 k)
569 1189 693 1231 albus,
727 1190 937 1232 aurantius,
979 1190 1126 1233 viridis,
1149 1188 1301 1238 perinde
1335 1190 1380 1228 de
1421 1190 1539 1239 aliqua
1563 1203 1645 1240 par-

73 1251 110 1281 te
145 1241 198 1280 sui
234 1246 400 1293 corporis
439 1244 568 1293 sponte
616 1245 851 1283 tuberculum
903 1247 1077 1289 emittit,
1148 1246 1251 1295 quod
1290 1246 1465 1295 paulatim
1504 1247 1644 1285 excres-

75 1312 160 1338 cens
179 1298 233 1345 l),
273 1300 319 1337 de
348 1300 511 1339 rotundo
532 1329 542 1343 ,
587 1302 624 1338 δε
656 1301 858 1350 cylindrico
888 1314 1045 1351 corpore
1088 1315 1226 1340 cornua
1266 1303 1458 1353 explicet,
1504 1303 1576 1342 alio
1605 1305 1643 1341 in

73 1357 150 1394 aliis
182 1368 351 1401 numero,
419 1356 539 1395 Etiam
561 1358 683 1407 plures
710 1357 761 1403 m>
803 1358 981 1406 ejusmodi
1011 1360 1105 1397 fetus
1135 1359 1179 1398 de
1212 1360 1345 1398 eodem
1379 1360 1521 1410 polypo
1554 1373 1643 1410 pro-

73 1413 197 1453 deunt.

185 1494 259 1534 Eos
282 1495 506 1545 aliquamdiu
529 1498 740 1534 communis
761 1496 911 1546 quidem
932 1494 986 1539 n)
1003 1496 1100 1546 quasi
1117 1497 1220 1534 radix
1237 1496 1433 1547 producit,
1469 1497 1514 1536 ad
1531 1511 1641 1549 aqua-

72 1553 182 1590 ticam
212 1552 369 1601 aliquam
397 1552 598 1601 plantulam
623 1552 718 1595 fixa,
752 1561 793 1590 ut
813 1565 893 1602 pars
919 1554 990 1590 ima
1020 1557 1172 1591 unicum
1198 1554 1239 1590 fit
1263 1554 1409 1591 animali
1440 1567 1640 1594 commune

72 1610 241 1648 omnium
262 1608 298 1653 ο)
325 1610 536 1647 intestinum
552 1638 562 1651 ‚
586 1609 717 1647 deinde
740 1609 849 1647 divisa
868 1610 1031 1647 intestina
1052 1639 1062 1653 ,
1097 1612 1133 1647 &
1160 1611 1343 1660 superiora
1368 1611 1425 1648 illa
1449 1614 1565 1661 capita
1582 1621 1639 1650 to-

71 1665 186 1703 tidem
214 1665 378 1702 exserant
402 1666 607 1704 voluntates
618 1665 663 1713 p)
680 1695 689 1709 ‚
723 1673 816 1716 quot
842 1665 924 1703 sunt
951 1677 1133 1704 cornuum
1167 1667 1338 1704 satellitia.
1402 1666 1519 1705 EtIam
1548 1669 1638 1708 dum

69 1724 177 1760 matri
204 1721 344 1760 adfixus
372 1723 422 1760 est
451 1735 570 1761 novus
600 1723 760 1774 polypus
780 1751 790 1766 ‚
822 1734 935 1818 Πὶὲνειε
952 1725 1175 1774 propagines
1201 1724 1276 1762 edit
1298 1722 1354 1772 q),
1381 1723 1519 1776 sibique
1548 1739 1638 1819 [ἐκε-

910 1790 929 1825 3
1044 1790 1047 1792 '
1575 1795 1633 1820 am

68 1925 81 1951 t
108 1879 135 1913 e)
157 1889 185 1910 n.
198 1885 265 1918 283.
280 1889 346 1918 295.
368 1880 449 1912 Idem
465 1880 554 1912 etiam⁴
566 1882 589 1913 is
605 1892 767 1922 anonymus
780 1884 864 1916 vidit.
907 1884 1004 1917 Habet
1025 1885 1120 1917 Hui..
1142 1888 1257 1918 microc.
1275 1883 1322 1927 ‘ff
1332 1895 1360 1925 p.
1377 1895 1442 1927 333.
1464 1887 1569 1919 animal
1590 1897 1637 1918 ro-

82 1930 192 1950 aceum.

101 1960 139 1999 s)
163 1961 283 1991 Invenio
308 1963 394 1993 etiam
417 1963 458 1993 Cl.
482 1963 690 1995 Nssssmmmo
711 1966 750 1995 ita
769 1966 870 1997 videri.
885 1975 915 2006 p,
937 1976 1005 1998 102.

103 2004 136 2039 g)
161 2003 186 2032 P.
204 2002 237 2031 ll.
254 2013 276 2032 c.
301 2013 344 2040 32.
368 2005 423 2033 tab.
449 2014 491 2034 12.

106 2042 139 2076 h)
166 2042 312 2081 The'ologz‘e
325 2046 371 2074 des
384 2043 502 2083 Insec‘les
513 2055 540 2083 p.
557 2054 603 2083 74.
622 2045 641 2075 f.
662 2051 709 2080 28.
730 2054 775 2083 29.
800 2056 847 2085 30.
872 2055 916 2084 3¹-

106 2084 132 2110 i}
155 2083 302 2113 Bozffirsr.
320 2085 353 2114 11.
379 2095 406 2122 ρ,
425 2095 491 2122 2¹9·

105 2123 137 2152 ks
161 2123 284 2153 Primum
310 2125 383 2154 vidit
405 2125 591 2155 TREMRLEY.
621 2135 667 2162 24.
691 2126 737 2156 die
758 2126 840 2158 Febr.
866 2139 932 2159 ann.
954 2137 1041 2167 ¹74¹·

106 2163 130 2195 Ι)
153 2164 321 2202 Anonymus
344 2167 418 2196 Phil.
439 2165 544 2205 Trans.
559 2177 586 2196 n.
600 2173 666 2202 288.
693 2167 870 2200 Tannum
888 2180 916 2208 p.
935 2180 1001 2208 152.
1018 2179 1082 2208 153.
1103 2173 1168 2207 196.
1189 2177 1210 2204 t,
1231 2176 1257 2207 8.
1279 2171 1302 2201 f.
1317 2180 1341 2201 1.
1360 2179 1387 2202 ι.
1406 2179 1431 2209 3.
1455 2169 1628 2200 Limum-T.

65 2201 203 2233 Boxum
230 2214 308 2243 corps
321 2206 461 2246 organise‘s
474 2210 514 2238 ΙΙ.
534 2217 561 2245 p.
578 2212 642 2246 167.
1264 2244 1267 2245 .

106 2246 151 2278 m)
173 2244 348 2275 Tamarus(
367 2257 393 2284 p.
418 2252 480 2283 165.
504 2250 556 2278 ἃς.
910 2286 912 2288 .

101 2293 137 2314 n)
158 2295 186 2323 p.
208 2297 272 2322 155.
306 2287 424 2317 Bam.
442 2297 469 2325 p.
486 2294 532 2322 82.
571 2289 696 2319 Forxrs
710 2290 785 2321 Phil.
803 2290 957 2331 Transm,
973 2294 1041 2330 469.

106 2332 136 2355 ο)
159 2332 675 2368 p.160.161.162.:63.164.·166
931 2337 935 2340 ”

100 2372 133 2403 γ)
158 2367 231 2398 Nam
250 2375 340 2398 mater
357 2370 383 2398 ἃ
405 2369 499 2407 pullus
519 2370 568 2401 fibi
586 2372 711 2409 praedam
729 2371 863 2409 eripiunt.
882 2381 912 2410 p.
933 2377 995 2411 169.

104 2412 137 2446 q)
157 2416 187 2445 p.
208 2414 271 2447 176.
290 2419 355 2449 177·
373 2418 393 2441 t.
411 2420 457 2444 12.
472 2411 493 2442 f.
509 2422 536 2444 ι.
560 2412 690 2444 Roasn.
707 2423 736 2452 p.
750 2421 821 2452 475.
843 2413 976 2448 forms.
992 2423 1021 2445 n.
1037 2417 1106 2451 469.
1120 2420 1140 2456 t.
1156 2424 1179 2451 5.
1196 2412 1216 2444 f.
1230 2417 1256 2444 6.
1289 2411 1463 2444 Lyomm.
1477 2410 1497 2442 1.
1513 2421 1538 2442 c.
