1955 2732
218 110 380 152 SECT.
401 109 454 149 II.
514 107 875 149 PRIMORDIA
920 106 1078 148 NOVI
1119 108 1422 149 ANIMALIS.
1519 119 1592 159 151

154 219 321 268 Ambigit
350 218 520 256 hactenus
552 217 607 256 Cl.
631 218 813 257 Boi-mm.
862 215 1003 261 Mihil)
1030 216 1174 255 videtur
1201 217 1431 256 manifestum
1462 219 1530 259 effe
1560 221 1600 257 in

43 278 173 329 plantis
190 305 200 319 ,
243 283 397 313 matrem
427 275 626 313 multarum
655 277 935 324 generationum
966 275 1155 311 continere
1174 272 1228 318 m)
1259 274 1480 322 primordia:
1513 288 1600 314 cum

43 336 227 383 virginum
246 331 287 376 71)
329 331 506 381 aphidum
539 330 662 369 multae
695 333 949 379 generationes
977 343 1106 368 omnes
1140 330 1305 369 fecundae
1340 329 1407 368 smt
1429 361 1440 376 ‚
1492 340 1600 382 atque

43 390 135 428 adeo
177 390 394 439 embryones
432 387 611 425 fecundos
661 389 874 426 contineant
901 416 910 430 ‚
963 399 1048 425 cum
1085 389 1123 424 in
1158 387 1315 425 volvoce
1354 387 1415 425 sex
1450 400 1602 437 genera-

41 448 161 485 tiones
194 458 267 484 una
304 444 504 481 exfistentes
536 443 635 481 oculi
665 444 886 492 distinguant
905 440 971 492 0);
1005 456 1091 481 cum
1120 444 1278 493 denique
1309 443 1437 495 polypi
1452 445 1522 493 p),
1556 446 1602 483 de

43 505 175 553 quibus
203 503 382 539 continuo
411 501 599 543 dicemus,
632 501 676 538 ad
699 500 872 550 plurimas
900 502 1008 539 etiam
1028 502 1309 548 generationes,
1342 501 1423 538 satis
1453 504 1490 539 in
1524 515 1600 540 uno

43 570 201 608 corpore
227 559 436 606 germinum
459 558 682 598 contineant,
729 557 819 594 Inde
844 558 943 595 enim
967 556 1128 606 sequitur
1147 586 1156 600 ‚
1190 559 1228 594 in
1249 559 1336 594 aviae
1365 560 1492 596 ovatio
1524 571 1602 596 non
1628 556 1634 565 “

44 615 154 653 filiam
177 613 312 655 solam,
346 613 404 652 sed
431 621 581 662 neptem
599 642 608 656 ‚
649 614 685 650 δε
711 614 935 662 promptim,
960 614 995 649 δε
1026 614 1215 663 abneptim
1249 615 1439 652 contineri.
1491 614 1602 653 Nunc

41 670 68 708 fi
93 670 200 708 semel
231 671 384 707 vicinius
400 698 410 713 ‚
442 669 571 707 multas
592 671 844 718 generationes
866 671 905 706 in
926 671 1052 707 ovario
1073 671 1282 707 communis
1305 673 1391 708 aviae
1408 674 1598 715 contineri,

41 739 120 764 non
142 726 286 764 videtur
311 726 413 763 valde
437 738 641 775 repugnare
657 755 667 769 ,
700 728 790 776 quin
817 727 855 763 in
885 739 930 763 eo
956 739 1086 764 omnes
1118 728 1384 765 contineantur.
1433 728 1522 766 Non
1549 730 1602 765 vi-

44 783 149 820 detur
179 782 401 831 analogum,
433 784 471 819 in
498 785 664 830 germine
686 795 751 832 per
778 783 987 821 universum
1023 796 1224 833 corporum
1251 783 1407 834 disperso
1439 787 1602 836 quinque

43 839 100 877 vel
122 839 273 882 decem,
306 851 426 889 neque
451 839 570 888 plures
585 868 596 882 ‚
628 841 882 888 generationes
907 841 1098 877 contineri.

432 955 464 996 ἓ.
495 949 631 990 XXX.
695 953 846 990 Seminis
873 952 1062 1002 nmsculini
1073 960 1205 1002 partes.

154 1040 355 1091 Utcunque
375 1042 409 1079 se
430 1042 507 1080 haec
525 1043 705 1086 habeant,
737 1042 907 1081 haetenus
932 1044 1184 1082 evolutionem
1209 1046 1396 1095 potiorem
1426 1044 1493 1084 effe
1522 1058 1606 1096 per-

44 1096 195 1135 suadeor
216 1127 226 1140 ,
259 1106 300 1135 ut
323 1100 360 1135 in
382 1099 525 1136 feminee
548 1101 675 1136 ovario
694 1128 702 1141 ‚
736 1101 848 1148 inque
870 1101 1022 1138 vesicula
1048 1101 1166 1151 aliqua
1191 1102 1433 1140 GRAAFIANA
1452 1104 1509 1146 a),
1529 1105 1604 1140 ani-

43 1153 243 1191 malculum
262 1154 303 1191 fit
322 1183 332 1196 ‚
368 1156 469 1203 quod
494 1157 531 1191 in
557 1157 802 1204 conceptione
824 1168 889 1204 per
916 1158 1081 1198 foramen
1103 1167 1219 1208 ruptae
1238 1158 1274 1202 li)
1304 1158 1464 1196 veficulae
1489 1161 1526 1195 in
1547 1167 1604 1197 tu-

43 1211 127 1246 bam
154 1216 280 1252 exeat,
314 1212 509 1259 veniatque
532 1212 570 1247 in
590 1218 738 1249 uterum
758 1210 791 1256 c>
812 1240 823 1254 ,
862 1213 898 1249 &
923 1213 1101 1261 ejusmodi
1121 1215 1162 1253 fit
1185 1215 1444 1253 animalculum
1461 1243 1471 1258 ‚
1499 1215 1604 1265 quale

42 1267 82 1303 in
110 1278 185 1304 ovo
214 1267 387 1303 incubato
420 1266 577 1315 adparet.

154 1346 199 1385 In
227 1347 339 1397 longe
363 1347 531 1396 plurimis
555 1348 662 1396 hujus
685 1348 794 1386 claffis
820 1350 1016 1399 exemplis,
1033 1363 1222 1401 nunquam
1235 1351 1277 1402 d)
1301 1365 1341 1390 ea
1363 1352 1527 1391 evolutio
1549 1353 1605 1391 10-

45 1416 132 1441 cum
152 1403 287 1447 habet,
320 1403 386 1441 nifi
407 1406 460 1441 vis
482 1405 636 1442 mascula
654 1405 835 1443 accesserit
849 1435 858 1449 ,
892 1415 971 1444 tum
998 1409 1035 1444 in
1061 1408 1192 1457 plantis
1210 1411 1243 1453 e)
1257 1438 1266 1451 ‚
1305 1416 1383 1447 tum
1404 1411 1441 1446 in
1468 1411 1605 1447 anima-

45 1459 139 1498 libus
148 1459 199 1508 s).
243 1459 287 1498 In
306 1461 378 1497 istis
398 1461 570 1510 equidem
589 1461 732 1499 videtur
753 1474 905 1510 germen
924 1465 1139 1511 primaevum
1157 1494 1167 1508 ‚
1200 1465 1297 1515 quasi
1318 1466 1477 1515 sopitum
1491 1495 1500 1509 ‚
1530 1466 1605 1504 abs-

46 1528 117 1565 que
143 1518 371 1554 incremento
391 1545 402 1559 ,
448 1529 534 1554 cum
566 1517 762 1555 tardissiino
799 1520 835 1555 &
866 1518 1044 1558 lenissimo
1075 1529 1180 1559 motu
1219 1522 1340 1560 cordis
1382 1522 1435 1560 sui
1470 1523 1604 1560 latere:

45 1573 164 1620 qualia
186 1573 261 1610 fere
287 1572 454 1622 exempla
482 1573 564 1610 sunt
588 1575 805 1612 inseftorum
821 1574 867 1622 g)
892 1575 1011 1614 hieme
1031 1577 1295 1616 dormientium
1309 1608 1318 1621 ‚
1352 1581 1388 1615 ὃς
1408 1579 1606 1617 animalcu-

45 1628 193 1672 lorum,
225 1642 305 1679 quae
327 1642 406 1667 non
431 1629 572 1677 dudum
599 1631 758 1669 divimus
790 1631 937 1669 vitalem
964 1632 1063 1671 suam
1085 1641 1251 1673 naturam
1267 1634 1304 1679 h)
1330 1647 1395 1686 per
1420 1635 1605 1685 plusculos

1489 1705 1605 1731 alanS

85 1770 113 1806 1]
134 1771 223 1802 Redit
234 1771 270 1801 ad
283 1770 495 1802 involutionem
511 1775 589 1804 cont.
611 1775 646 1803 de
661 1776 689 1804 la
704 1780 809 1805 nature
821 1774 842 1805 Ι.
859 1784 887 1813 p.
906 1778 970 1806 162.
992 1779 1056 1806 166.
1079 1780 1146 1815 167.

85 1812 133 1847 m]
154 1821 278 1850 p.9¹.92

86 1853 124 1887 n]
146 1862 226 1890 p.92.

87 1894 117 1928 o]
141 1893 238 1922 Lmn.
254 1891 370 1931 prolepfi
381 1895 474 1930 plant.
492 1904 520 1931 p.
543 1904 607 1932 327.
626 1895 654 1924 in
673 1897 813 1926 Amoenit.
831 1897 925 1927 Aemi,

83 1934 118 1971 p]
142 1933 288 1971 Adgnovit
307 1933 338 1962 C.
357 1933 504 1964 Romaiu
521 1945 599 1972 corps
615 1947 713 1973 orgmz.
729 1939 769 1967 II.
789 1947 815 1974 p.
837 1941 883 1972 64.
909 1937 1033 1977 Polypus
1047 1947 1136 1968 mater
1151 1950 1215 1970 cnm
1230 1939 1294 1969 filiis
1312 1943 1442 1970 arborem
1453 1943 1607 1980 genealogi-

47 1983 109 2002 cum
126 1974 223 2010 refert,
237 1976 264 2004 <sc
282 1973 406 2004 ostendit
424 1984 524 2005 onmes
542 1978 743 2014 generationes
773 1978 802 2006 in
825 1978 917 2016 prima
943 1979 1024 2010 fuisse
1041 1979 1160 2010 inclusas
1180 1981 1259 2010 inm(
1281 1982 1359 2011 Cont.
1376 1984 1409 2011 de
1425 1983 1452 2011 ln
1467 1989 1566 2012 natur.
1581 1985 1604 2013 I.

88 2134 118 2168 c]
139 2144 166 2171 p.
183 2144 320 2172 50.51.52

87 2174 122 2209 d]
145 2175 213 2204 Non
233 2175 319 2205 aufim
341 2185 397 2212 eo,
421 2187 479 2214 quo
502 2178 587 2208 amici
604 2179 659 2208 mei
674 2180 827 2217 progredi,
848 2187 879 2211 ut
896 2191 955 2211 mas
983 2182 1029 2212 vel
1044 2184 1132 2214 solum
1155 2184 1322 2214 alimentum
1336 2184 1406 2213 fetui
1430 2184 1480 2213 det
1508 2184 1606 2219 [Bon-

47 2223 123 2244 NET.
138 2214 154 2244 l.
169 2225 192 2244 c.
207 2224 234 2252 p.
251 2216 336 2253 132.]
353 2216 400 2245 vel
410 2217 528 2254 aphides
541 2229 630 2249 mares
644 2220 754 2249 nonnisi
768 2220 930 2251 obstetricio
945 2222 1039 2252 officio
1050 2225 1204 2263 fungimur
1215 2248 1222 2261 ,
1243 2233 1273 2254 ut
1288 2225 1402 2261 quidem
1418 2224 1540 2254 bufones
1552 2228 1606 2256 ἃς.

45 2253 219 2284 ΚΕΑυΜυΒ.
246 2258 323 2294 arud
349 2257 497 2287 Bomm.
516 2259 584 2289 ibid.
601 2269 628 2298 p.
651 2271 714 2297 130.
739 2271 804 2291 cum
829 2261 976 2292 Bonna-r.
992 2263 1092 2296 l.c.11.
1111 2276 1138 2304 p.
1153 2269 1219 2301 256.

86 2294 125 2369 e]--¹
138 2294 224 2333 longe
235 2296 396 2335 plerisque,
411 2307 462 2335 per
479 2306 560 2330 certa
582 2302 794 2339 experimenta.

91 2338 107 2373 j
148 2345 175 2372 p.
202 2347 230 2370 4.

96 2375 130 2412 g]
155 2376 231 2405 L.1V
251 2386 360 2416 p.437.

93 2415 128 2450 h]
150 2425 254 2454 P.112.
268 2427 334 2456 1¹3·
