1955 2732
523 153 685 194 SECT.
720 153 766 194 V.
824 152 1171 197 rARTUS.
1545 169 1630 207 439

76 266 233 317 impulso
257 294 269 309 ,
299 265 364 316 qui
389 275 452 302 eos
476 262 614 301 canales
637 263 685 300 ita
711 261 835 300 dilatat
849 290 859 305 ,
885 270 928 301 ut
944 274 1058 315 pqrro
1082 274 1146 311 per
1164 268 1286 299 totam·
1304 262 1416 299 vitam
1441 274 1634 315 nunquam

76 325 314 365 claudantur,
348 323 384 358 &
410 318 589 359 craffiores
610 331 709 357 nune
734 318 926 369 particulas
950 321 991 356 iff
1014 317 1224 368 glandulam
1244 317 1446 356 admittant.

188 404 319 443 Calent
340 415 437 444 una,
470 401 619 443 sudant,
648 401 791 450 pulsum
822 400 956 438 habent
985 401 1030 438 ad
1057 400 1235 439 summam
1263 400 1482 438 celeritatem
1509 405 1637 451 praeci-

75 463 232 511 pitatum
253 489 262 504 ,
294 453 387 497 {ires
418 458 521 501 suas,
553 456 617 494 nifi
646 466 769 506 partus
800 457 930 500 cedat,
964 457 1066 495 brevi
1103 457 1324 495 consumunt
1344 484 1356 499 ‚
1387 468 1466 506 quae
1506 459 1553 496 est
1589 472 1635 497 ex

75 519 245 556 maximis
275 517 382 553 noxis
404 514 512 558 ficei,
544 514 722 564 longique
749 521 881 563 partus,

189 598 375 636 Habemus
398 596 459 634 hic
486 598 578 634 vires
595 624 604 638 ‚
638 607 717 645 quae
746 594 878 644 poffint
902 607 1103 644 coccygem
1134 593 1390 645 repelleres),
1424 593 1496 633 offa
1528 596 1635 645 pubis

76 656 196 692 laxare
212 654 257 702 g)
272 682 282 697 ‚
314 653 428 703 pelvis
450 652 522 691 offa
541 651 730 689 dissolvere
747 651 811 697 h),
836 661 947 702 caput
972 652 1064 689 fetus
1097 653 1135 689 in
1159 652 1315 702 longum
1336 664 1473 690 conum
1488 654 1518 696 i)
1533 665 1637 691 com-

77 714 235 761 primere
259 739 269 753 ,
301 710 456 747 lacerare
485 717 627 748 uterum
645 706 696 757 le).

191 790 334 829 Eaedem
354 792 444 828 vires
469 792 507 828 in
528 790 739 840 expellenda
763 790 849 829 faece
872 789 942 828 alvi
959 789 989 834 l>
1006 818 1015 832 ‚
1049 796 1110 827 aut
1129 791 1165 826 in
1180 789 1321 827 calculo
1340 789 1510 829 elidendo
1528 791 1639 828 inno-

79 847 227 886 tescunt.
288 847 423 885 Debile
446 848 655 885 intestinum
679 848 844 890 reetum,
891 847 1019 884 debilis
1057 846 1170 883 vesica
1192 875 1201 889 ‚
1235 848 1368 896 pariter
1404 854 1445 884 ut
1478 855 1605 884 uterus
1626 874 1637 889 ,

80 904 280 942 contractili
306 904 468 952 gaudent
495 904 678 953 potestate.
740 903 811 941 Sed
844 905 999 941 omnino
1030 903 1200 940 secundas
1231 911 1349 952 partes
1381 910 1503 952 agunt.
1561 903 1637 941 Ne-

80 972 151 1010 que
175 959 282 998 video
300 988 311 1003 ‚
346 972 421 1010 quo
445 968 611 1008 ternpore
640 968 762 998 uterus
790 972 809 997 a
836 961 971 997 viribus
999 959 1289 997 abdominalibus
1326 957 1635 997 vehementissime

80 1018 336 1066 comprimitur
351 1045 361 1059 ‚
394 1025 436 1054 ut
460 1015 596 1066 poffint
620 1016 709 1054 el'isae
735 1018 810 1064 ejus
835 1016 953 1059 fibrae,
988 1024 1086 1054 tanta
1116 1018 1151 1054 vi
1176 1014 1406 1066 compressae,
1424 1018 1575 1065 operari.

193 1096 440 1135 Vehementer
464 1110 536 1146 ego
561 1097 711 1147 quidem
736 1097 912 1147 suspicor,
939 1098 1086 1135 dolores
1109 1098 1258 1147 quidem
1279 1110 1384 1135 veros
1410 1096 1479 1136 effe
1500 1099 1538 1135 in
1559 1105 1639 1137 ute-

79 1166 123 1191 xo
140 1182 152 1197 ‚
183 1155 222 1191 in
245 1154 378 1191 lumbis
395 1181 404 1196 ‚
437 1155 476 1190 in
501 1156 619 1191 nervis
645 1156 789 1203 magnis
810 1166 934 1192 earum
957 1155 1124 1203 partium.

192 1235 249 1271 Ab
273 1246 319 1272 eo
345 1235 474 1272 dolore
492 1264 500 1278 ‚
532 1235 682 1274 tenesmi
706 1235 889 1273 simillimo
909 1264 918 1277 ‚
956 1243 998 1273 ut
1025 1237 1069 1273 ab
1107 1236 1284 1284 imperitis
1315 1236 1522 1285 primiparis
1551 1246 1640 1272 cum

82 1303 127 1328 eo
154 1290 400 1328 confundatur
417 1320 427 1334 ,
461 1293 609 1329 excitari
634 1292 885 1334 voluntatem,
918 1300 959 1329 ut
985 1292 1110 1329 labore
1136 1292 1199 1330 suo
1228 1292 1262 1329 se
1296 1292 1458 1330 molestia
1484 1291 1641 1334 liberet²>

83 1348 119 1384 &
142 1347 425 1385 incommodum
452 1350 546 1385 uteri
574 1348 755 1397 hospitem
787 1348 953 1397 expellat.
1015 1349 1132 1386 Etiam
1155 1350 1193 1385 in
1216 1349 1350 1386 femina
1371 1347 1434 1385 fibi
1455 1360 1531 1385 non
1562 1349 1640 1385 satis

83 1403 226 1441 conscia
250 1403 503 1442 convulfiones
529 1404 618 1454 ipsas
645 1412 789 1454 partum
815 1416 1035 1455 promovere
1052 1405 1103 1450 m)
1121 1434 1131 1448 ,
1166 1406 1201 1442 Sc
1229 1405 1375 1443 dilatare
1416 1417 1463 1442 os·
1487 1406 1580 1442 uteri
1602 1407 1642 1449 n)

83 1459 248 1508 legimus,

197 1540 352 1578 Uterum
382 1543 506 1590 potius
532 1540 688 1579 refistere
712 1548 838 1590 putem
860 1570 873 1584 ,ι
903 1534 1144 1591 είΐεῳιεεῇῑις
1173 1543 1266 1579 vires
1292 1542 1518 1591 respirationi
1553 1553 1643 1579 con-

86 1597 206 1634 trarias
220 1625 230 1639 ,
263 1609 421 1646 eumque
444 1597 574 1634 ostium
591 1597 694 1635 suum
714 1598 900 1640 claudere,
920 1598 1007 1636 hinc
1033 1599 1116 1635 elidi
1144 1611 1163 1636 a
1185 1599 1375 1635 contraitis
1391 1599 1526 1635 viribus
1540 1627 1548 1640 ‚
1567 1610 1644 1634 cer-

84 1654 204 1690 vicem
230 1654 444 1701 urgentibus
461 1682 470 1695 ‚
494 1654 631 1702 digitos
662 1665 886 1703 manumque
913 1653 1088 1691 inmissam
1103 1666 1116 1691 τ.
1144 1667 1223 1704 quae
1249 1657 1301 1692 vis
1320 1656 1439 1704 partui
1461 1656 1641 1692 contraria

86 1710 135 1746 est
153 1737 164 1752 ,
199 1721 284 1746 cum
313 1710 444 1748 ostium
471 1710 586 1747 fetum
609 1708 817 1747 emissurum
839 1710 956 1748 ariter.

201 1789 245 1828 Et
277 1790 371 1827 mihi
399 1793 493 1828 uteri
521 1790 616 1828 fibrae
641 1790 821 1840 pleraeque
845 1791 923 1828 visae
946 1790 1027 1828 sunt
1052 1790 1256 1828 transversae
1279 1788 1314 1837 o)
1335 1820 1342 1828 .
1385 1792 1420 1828 ἃ
1450 1792 1608 1841 obliquae
1628 1818 1642 1834 ,.

88 1846 125 1883 &
155 1846 200 1883 ad
225 1847 433 1884 arctandum
460 1857 560 1897 aptae.
621 1846 791 1885 Refistere
811 1860 899 1885 vero
922 1847 1078 1896 perfecie
1101 1849 1138 1884 in
1163 1854 1285 1896 partus
1306 1849 1515 1897 principiis,
1539 1847 1643 1898 qued

88 1910 197 1951 caput
221 1915 265 1940 eo
290 1911 456 1952 tempore
484 1906 521 1940 in
549 1905 727 1941 cervicem
756 1902 798 1941 fit
819 1904 1002 1953 inpactum
1021 1903 1064 1951 p)
1085 1933 1094 1945 ‚
1138 1916 1256 1953 eoque
1295 1904 1380 1941 loco
1416 1908 1572 1941 maxima
1602 1905 1643 1942 lit

88 1960 240 1997 irritatio
257 1988 271 2002 ,
295 1959 384 1997 hinc
398 1961 601 1999 contractio
614 1960 782 2010 princeps
793 1988 804 2003 ,
819 1963 926 1998 etiam
945 1961 1028 1998 ideo
1044 1969 1157 2010 puto,
1172 1960 1274 2010 quod
1291 1963 1418 1998 cervix-
1435 1963 1550 2010 magis
1564 1960 1642 1997 sen-

1573 2016 1642 2054 filis

126 2064 161 2105 f]
183 2076 210 2104 1³-
225 2074 300 2104 4³5«

129 2107 163 2146 g]
186 2107 255 2137 ibid.

132 2147 168 2182 h]
190 2152 361 2185 p.435.43⁶;

132 2188 160 2223 τ’]
185 2198 284 2225 Ρ-3ς9.

131 2228 164 2263 k]
186 2238 203 2265 p
218 2238 285 2263 4922.

132 2268 160 2303 l]
185 2269 211 2298 L.
231 2267 337 2298 XXIV.
352 2277 451 2306 p.192‚

133 2308 178 2343 m]
192 2309 328 2339 SMRLLIE
353 2307 424 2348 cases
439 2319 465 2346 p.
481 2317 544 2341 222·
567 2308 700 2340 WATTs
713 2309 732 2342 l.
749 2320 772 2339 c.
790 2319 819 2346 pi
832 2312 877 2342 68,
906 2308 982 2340 conf.
999 2319 1026 2348 p.

133 2349 169 2383 n]
194 2348 224 2378 ln
246 2348 352 2386 singula
370 2349 556 2387 convulsipne
577 2351 727 2382 litim-u.
744 2353 777 2380 cle
793 2356 878 2387 pin-tu
893 2352 1022 2380 mirabili
1036 2351 1096 2386 &a
1131 2351 1157 2380 &
1174 2349 1314 2380 Sumus
1332 2350 1409 2381 conf.
1425 2359 1455 2389 p.
1472 2361 1540 2390 430.

134 2388 166 2423 ο]
189 2389 218 2418 L.
234 2389 358 2419 xxllx.
376 2399 403 2427 p.
416 2396 462 2425 ὃς,

132 2429 497 2467 p]12.xxlx.p.4ii.412
