1955 2732
403 115 1277 162 SECT.1V.V1TAFETUS.
1545 131 1618 169 μμ

177 227 255 266 Alia
283 226 355 266 offa
387 226 588 276 composita
614 238 661 265 ex
686 225 802 276 planis
827 226 863 263 &
889 227 1059 264 brevibus
1085 224 1219 264 offibus
1245 233 1461 276 coaptantur
1480 256 1489 271 ,
1522 235 1563 266 ut
1582 240 1623 266 os

65 284 215 334 scapulae
231 313 240 327 ‚
273 296 314 321 os
343 291 554 333 temporum
573 311 584 327 ‚
616 295 658 320 os
685 282 901 332 spheuoides
923 312 934 327 ,
968 284 1149 321 vertebrae⁴
1183 282 1279 321 Pene
1308 295 1354 320 ex
1377 284 1544 322 brevibus
1568 284 1624 322 so-

65 340 107 378 lis
136 354 178 379 os
205 341 354 378 filetum.

179 422 378 460 calcaneus
393 449 404 464 ‚
427 427 470 459 ut
489 421 610 459 brevis
630 419 694 464 fit,
728 420 903 458 nucleum
927 419 1034 459 habet
1050 448 1060 463 ,
1092 427 1134 459 ut
1159 420 1232 459 offa
1257 421 1377 470 longa.

178 503 364 542 clavicula
398 509 551 546 contra,
594 509 637 540 ut
661 501 732 540 offa
767 503 888 540 brevia
927 501 1078 546 crescit,
1111 502 1242 553 absque
1281 502 1446 550 nucle03
1477 502 1525 540 fic
1553 501 1626 542 ossa

64 561 261 609 metacarpi
280 588 290 602 ,
323 558 497 597 metatarfi
516 587 527 602 ,
559 558 818 612 digitorumJ).

177 640 294 678 Costa:
318 639 392 678 fere
410 668 420 683 ‚
460 647 501 678 ut
527 639 599 678 ossa
625 640 732 690 plana
753 668 764 683 ,
807 639 957 690 diploen
985 641 1128 679 habent.
1185 641 1242 678 Ad
1274 640 1380 690 plana
1413 642 1520 678 etiam
1553 640 1627 679 offa

65 699 250 748 pertinent
273 695 346 734 ossa
373 696 468 740 nafi,
505 698 637 745 unguis
658 725 669 740 ,
702 709 830 734 vomer
848 725 859 741 ,
891 696 1047 735 lateralia
1075 698 1322 738 vertebrarum
1348 696 1420 735 ossa
1439 726 1450 741 ‚
1482 698 1626 748 proces-

67 754 123 791 sus
149 752 386 792 coracoideus
402 781 413 796 ,
445 753 507 790 alae
529 753 759 803 sphenoideae
784 754 852 791 ἃς.

179 833 264 872 Ossa
296 834 498 884 composita
517 864 529 878 ‚
570 836 607 872 ὃς
635 842 756 872 tamen
798 835 928 885 absque
965 835 1127 886 epiphyfi
1148 864 1158 879 ‚
1202 837 1238 873 ὃς
1269 835 1400 884 absque
1425 837 1514 873 novi
1546 835 1626 874 offic

69 890 310 934 acceffiones,
337 892 418 929 sunt
449 891 604 929 maxillae
635 893 816 929 ulterioris
849 905 890 929 os
925 892 1100 943 quodque
1122 920 1132 935 ‚
1176 905 1216 930 os
1248 892 1402 930 maxillae
1432 892 1626 941 superioris

67 949 316 997 praecipuum,
346 959 387 985 os
412 948 553 998 palati,
586 960 627 986 os
655 949 757 986 malae
775 976 784 991 ,
817 961 859 986 os
888 948 1033 992 mallei,
1066 949 1231 992 incudis,
1270 950 1306 986 Sc
1330 949 1491 998 stapedis.

180 1028 267 1066 Offa
291 1031 410 1066 brevia
436 1030 602 1066 eamdem
620 1058 630 1072 ,
662 1037 705 1068 ut
728 1030 846 1067 brevis
875 1029 940 1067 sim
967 1058 976 1073 ‚
1010 1038 1174 1068 naturam
1193 1030 1327 1068 habent
1350 1042 1435 1068 cum
1464 1029 1627 1080 epiphysi

69 1083 148 1123 offis
169 1085 282 1133 longi.
323 1085 379 1123 Ex
405 1086 492 1133 gelu
528 1087 567 1122 in
593 1086 840 1134 cartilaginem
879 1085 1100 1129 confistunt,
1137 1088 1172 1123 &
1209 1099 1339 1124 eorum
1374 1086 1488 1124 multa
1518 1087 1627 1124 etiam

66 1149 157 1179 tunc
184 1153 263 1178 eam
285 1149 451 1179 naturam
479 1141 645 1184 servant,
678 1142 825 1192 quaudo
850 1142 945 1180 fetus
974 1144 1011 1179 in
1034 1143 1156 1180 lucem
1183 1142 1302 1181 editur
1325 1142 1386 1186 m).

173 1220 224 1276 Jn
253 1217 333 1258 eam
366 1222 614 1270 cartilaginem
641 1223 718 1260 vasa
747 1223 937 1262 numerosa
958 1252 969 1266 ,
1002 1224 1221 1273 plerumque
1255 1225 1403 1262 nutritia
1421 1252 1430 1266 ,
1466 1236 1531 1273 per
1558 1236 1627 1273 pu-

69 1286 148 1317 teos
174 1278 208 1314 se
236 1277 456 1326 demergunt
481 1306 491 1321 ‚
526 1279 561 1315 &
586 1280 623 1315 in
648 1279 821 1317 nucleum
845 1281 1006 1322 abeunt,
1039 1283 1101 1330 qui
1118 1280 1292 1330 paulatim
1319 1287 1434 1318 totam
1461 1290 1626 1318 naturam

69 1334 337 1382 cartilagineam
364 1334 572 1378 consumit,
616 1342 657 1373 ut
683 1335 765 1373 solae
794 1337 915 1374 crustae
949 1337 1152 1374 articulares
1179 1336 1352 1386 supersint
1376 1339 1426 1381 n).
1488 1337 1529 1375 In
1554 1335 1627 1374 offe

68 1391 216 1442 petroso
240 1391 334 1428 fetus
354 1391 515 1439 grumuli
541 1391 652 1429 sabuli
673 1391 802 1429 fimiles
817 1420 826 1434 ,
849 1394 993 1429 minimi
1016 1394 1050 1429 &
1075 1392 1161 1431 oss&
1180 1392 1226 1436 ο),
1242 1394 1424 1442 adparent.

184 1471 268 1511 Offa
295 1472 497 1521 compofita
520 1479 685 1511 naturam
710 1485 832 1512 earum
855 1475 1013 1523 partium
1035 1474 1234 1524 sequuntur
1248 1502 1258 1517 ‚
1285 1486 1329 1511 ex
1346 1474 1477 1523 quibus
1495 1473 1626 1516 coales-

70 1535 166 1567 cunt.
226 1528 278 1566 Ita
308 1541 348 1566 os
385 1541 560 1578 magnum
601 1531 714 1578 pelvis
738 1559 747 1572 ‚
785 1530 886 1579 quod
924 1530 1048 1568 adulto
1080 1533 1117 1568 in
1151 1532 1229 1568 viro
1269 1532 1435 1568 unicum·
1461 1531 1509 1567 est
1532 1559 1541 1573 ‚
1576 1530 1628 1567 fe-

70 1587 126 1623 tui
151 1596 197 1622 ex
227 1586 341 1622 tribus
368 1584 500 1623 ollibus
525 1588 772 1635 componitur.
839 1586 892 1624 Os
921 1586 1021 1624 ilium
1032 1587 1078 1634 pl
1109 1587 1308 1624 secundum
1339 1594 1503 1624 naturam
1528 1586 1627 1635 plani

71 1640 151 1679 offis
170 1669 179 1683 ‚
215 1653 261 1678 ex
288 1643 415 1679 arteria
430 1642 579 1680 centrali
600 1670 610 1685 ,
641 1655 712 1680 una
739 1645 878 1680 interna
896 1671 904 1685 ‚
937 1651 1086 1682 externa
1111 1643 1230 1685 altera,
1256 1643 1360 1679 fibras
1380 1643 1543 1679 radiatim
1563 1643 1625 1679 ha-

70 1699 134 1736 bet
156 1696 334 1746 dispersas.
394 1697 497 1735 idem
521 1705 690 1747 praeterea
720 1700 757 1735 in
782 1700 920 1737 ambitu
941 1727 951 1742 ,
987 1706 1048 1737 aut
1072 1698 1116 1735 ad
1141 1698 1312 1737 articulos
1331 1727 1341 1741 ‚
1376 1698 1489 1736 multa
1513 1699 1627 1736 crusta

71 1754 323 1802 cartilaginea,
345 1756 438 1792 inter
467 1754 603 1803 duplex
626 1756 845 1804 periosteum
871 1755 1038 1794 conclusa
1053 1783 1062 1798 ,
1097 1755 1411 1793 circumfunditur.
1472 1754 1531 1792 Sic
1554 1756 1626 1793 sca-

71 1811 165 1859 pulae
181 1838 190 1852 ‚
224 1821 377 1859 quarum
402 1810 631 1859 cartilaginea
658 1811 798 1849 fimbria
819 1811 970 1849 demum
987 1841 997 1855 ‚
1031 1811 1090 1849 sed
1110 1811 1187 1850 sero
1201 1840 1212 1855 ‚
1246 1812 1282 1849 &
1312 1812 1373 1848 vix
1392 1823 1551 1859 unquam
1569 1820 1629 1861 to-

72 1874 128 1910 ta,
166 1867 210 1903 ab
240 1865 332 1903 oss‘ea
358 1875 482 1904 natura
508 1875 720 1917 occupatur.

183 1946 318 1984 Eadem
343 1948 456 1985 crusta
479 1948 708 1997 cartilaginea
731 1950 824 1987 inter
843 1949 949 1998 pubis
973 1948 1044 1986 offa
1069 1950 1107 1985 in
1137 1948 1329 1986 duritatem
1361 1947 1492 1986 offeam
1523 1950 1596 1988 abit
1611 1978 1622 1994 ‚

73 2004 187 2051 magis
210 2013 330 2040 tamen
352 2005 390 2041 in
411 2005 558 2055 reliquis
585 2005 665 2043 offis
694 2005 794 2043 ischii
820 2007 855 2043 &
874 2006 977 2043 iliu-m
1002 2005 1326 2052 conjunctionibus
1364 2005 1567 2047 Caeterum,
1582 2014 1623 2044 ut

73 2058 147 2097 offa
171 2060 280 2107 longa
304 2072 389 2097 cum
417 2061 578 2112 epiphyfi
595 2091 603 2105 ‚
636 2064 684 2099 ita
709 2064 816 2099 etiam
850 2062 911 2098 ista
936 2073 1021 2099 cum
1050 2062 1175 2099 vicinis
1210 2061 1364 2099 officulis
1389 2063 1425 2098 in
1454 2060 1550 2097 idem
1582 2072 1625 2097 os

74 2114 301 2158 coalescunt,
320 2117 466 2165 quando
482 2119 616 2156 Lamina
630 2118 837 2168 interposita
862 2130 962 2155 nunc
983 2116 1182 2156 tenuiffima
1203 2118 1269 2161 est,
1289 2119 1325 2155 &
1345 2117 1480 2155 multus
1502 2116 1626 2154 succus

831 2173 866 2211 V
893 2187 912 2211 v
947 2185 967 2218 3
1509 2170 1625 2210 oss‘eus

121 2234 148 2269 l)
170 2233 300 2263 Nes-mr.
318 2243 346 2271 p.
368 2237 432 2264 126.

115 2276 158 2305 m)
173 2273 251 2302 lnam
270 2273 285 2302 l,
300 2284 322 2303 c.

115 2317 150 2346 n>
173 2314 252 2343 lnam
274 2314 341 2344 ibid.
372 2314 483 2345 Aram.
501 2326 530 2353 p.
549 2326 613 2354 ¹50=
632 2327 697 2354 151.

116 2357 145 2388 o)
168 2353 302 2384 Bam-m.
318 2354 352 2384 T.
368 2354 401 2387 li.
419 2366 447 2395 p.
467 2366 516 2394 74.

114 2404 148 2431 p)
174 2394 302 2425 Nasam.
318 2396 334 2425 1.
355 2405 377 2424 c.
