<?xml version="1.0" encoding="UTF-8"?>
<!DOCTYPE html PUBLIC "-//W3C//DTD XHTML 1.0 Transitional//EN"
    "http://www.w3.org/TR/xhtml1/DTD/xhtml1-transitional.dtd">
<html xmlns="http://www.w3.org/1999/xhtml" xml:lang="en" lang="en">
 <head>
  <title>
</title>
<meta http-equiv="Content-Type" content="text/html;charset=utf-8" />
  <meta name='ocr-system' content='tesseract 3.04.00' />
  <meta name='ocr-capabilities' content='ocr_page ocr_carea ocr_par ocr_line ocrx_word'/>
</head>
<body>
  <div class='ocr_page' id='page_1' title='image "./elementaphysiolo08hall_0281.png"; bbox 0 0 1955 2732; ppageno 0'>
   <div class='ocr_carea' id='block_1_1' title="bbox 470 94 1626 167">
    <p class='ocr_par' dir='ltr' id='par_1_1' title="bbox 470 94 1626 167">
     <span class='ocr_line' id='line_1_1' title="bbox 470 94 1626 167; baseline 0.001 -6"><span class='ocrx_word' id='word_1_1' title='bbox 470 120 739 161; x_wconf 64' lang='lat' dir='ltr'>worm.</span> <span class='ocrx_word' id='word_1_2' title='bbox 798 117 1233 160; x_wconf 71' lang='lat' dir='ltr'>SECUNDAE.</span> <span class='ocrx_word' id='word_1_3' title='bbox 1391 94 1394 98; x_wconf 68' lang='grc'><strong>’</strong></span> <span class='ocrx_word' id='word_1_4' title='bbox 1550 135 1626 167; x_wconf 72' lang='lat'>251</span> 
     </span>
    </p>
   </div>
   <div class='ocr_carea' id='block_1_2' title="bbox 72 226 1627 338">
    <p class='ocr_par' dir='ltr' id='par_1_2' title="bbox 72 226 1627 338">
     <span class='ocr_line' id='line_1_2' title="bbox 72 226 1627 280; baseline -0.002 -8"><span class='ocrx_word' id='word_1_5' title='bbox 72 234 257 273; x_wconf 75' lang='lat' dir='ltr'>Novimus</span> <span class='ocrx_word' id='word_1_6' title='bbox 285 233 382 269; x_wconf 89' lang='lat' dir='ltr'>enim</span> <span class='ocrx_word' id='word_1_7' title='bbox 405 260 414 275; x_wconf 89' lang='lat'>‚</span> <span class='ocrx_word' id='word_1_8' title='bbox 448 242 557 280; x_wconf 82' lang='lat' dir='ltr'>quam</span> <span class='ocrx_word' id='word_1_9' title='bbox 581 228 768 280; x_wconf 83' lang='lat' dir='ltr'>extemplo</span> <span class='ocrx_word' id='word_1_10' title='bbox 800 229 839 266; x_wconf 87' lang='lat' dir='ltr'>in</span> <span class='ocrx_word' id='word_1_11' title='bbox 862 227 1010 266; x_wconf 71' lang='lat' dir='ltr'>massam</span> <span class='ocrx_word' id='word_1_12' title='bbox 1039 227 1238 265; x_wconf 82' lang='lat' dir='ltr'>informem</span> <span class='ocrx_word' id='word_1_13' title='bbox 1268 226 1396 276; x_wconf 61' lang='lat' dir='ltr'>injecta</span> <span class='ocrx_word' id='word_1_14' title='bbox 1430 227 1535 267; x_wconf 73' lang='lat' dir='ltr'>massa</span> <span class='ocrx_word' id='word_1_15' title='bbox 1569 242 1627 269; x_wconf 88' lang='lat' dir='ltr'>ce-</span> 
     </span>
     <span class='ocr_line' id='line_1_3' title="bbox 73 283 1558 338; baseline -0.003 -10"><span class='ocrx_word' id='word_1_16' title='bbox 73 303 173 328; x_wconf 82' lang='lat' dir='ltr'>racea</span> <span class='ocrx_word' id='word_1_17' title='bbox 204 299 358 338; x_wconf 77' lang='lat' dir='ltr'>cogatur</span> <span class='ocrx_word' id='word_1_18' title='bbox 372 318 382 331; x_wconf 86' lang='lat'>,</span> <span class='ocrx_word' id='word_1_19' title='bbox 419 289 692 338; x_wconf 84' lang='lat' dir='ltr'>quamprimum</span> <span class='ocrx_word' id='word_1_20' title='bbox 712 298 758 324; x_wconf 81' lang='lat' dir='ltr'>ex</span> <span class='ocrx_word' id='word_1_21' title='bbox 776 286 855 324; x_wconf 84' lang='lat' dir='ltr'>vase</span> <span class='ocrx_word' id='word_1_22' title='bbox 874 285 984 323; x_wconf 82' lang='lat' dir='ltr'>effusa</span> <span class='ocrx_word' id='word_1_23' title='bbox 1001 314 1010 328; x_wconf 86' lang='lat'>‚</span> <span class='ocrx_word' id='word_1_24' title='bbox 1044 286 1242 334; x_wconf 74' lang='lat' dir='ltr'>parietibus</span> <span class='ocrx_word' id='word_1_25' title='bbox 1265 283 1367 321; x_wconf 72' lang='lat' dir='ltr'>desiit</span> <span class='ocrx_word' id='word_1_26' title='bbox 1389 288 1558 324; x_wconf 68' lang='lat' dir='ltr'>coerceri.</span> 
     </span>
    </p>
   </div>
   <div class='ocr_carea' id='block_1_3' title="bbox 71 366 1627 585">
    <p class='ocr_par' dir='ltr' id='par_1_3' title="bbox 71 366 1627 585">
     <span class='ocr_line' id='line_1_4' title="bbox 183 366 1626 418; baseline -0.001 -11"><span class='ocrx_word' id='word_1_27' title='bbox 183 370 307 416; x_wconf 81' lang='lat' dir='ltr'>Quare</span> <span class='ocrx_word' id='word_1_28' title='bbox 337 369 403 406; x_wconf 77' lang='lat' dir='ltr'>nisi</span> <span class='ocrx_word' id='word_1_29' title='bbox 425 370 490 407; x_wconf 71' lang='lat' dir='ltr'>vim</span> <span class='ocrx_word' id='word_1_30' title='bbox 515 370 698 406; x_wconf 84' lang='lat' dir='ltr'>continuae</span> <span class='ocrx_word' id='word_1_31' title='bbox 719 380 740 404; x_wconf 86' lang='lat' dir='ltr'>a</span> <span class='ocrx_word' id='word_1_32' title='bbox 769 374 882 404; x_wconf 87' lang='lat' dir='ltr'>matre</span> <span class='ocrx_word' id='word_1_33' title='bbox 915 368 952 404; x_wconf 83' lang='lat' dir='ltr'>in</span> <span class='ocrx_word' id='word_1_34' title='bbox 978 367 1072 404; x_wconf 86' lang='lat' dir='ltr'>fetus</span> <span class='ocrx_word' id='word_1_35' title='bbox 1093 366 1170 404; x_wconf 85' lang='lat' dir='ltr'>vasa</span> <span class='ocrx_word' id='word_1_36' title='bbox 1203 366 1405 409; x_wconf 80' lang='lat' dir='ltr'>ducerent,</span> <span class='ocrx_word' id='word_1_37' title='bbox 1437 379 1626 418; x_wconf 79' lang='lat' dir='ltr'>nunquam</span> 
     </span>
     <span class='ocr_line' id='line_1_5' title="bbox 71 421 1627 474; baseline -0.004 -10"><span class='ocrx_word' id='word_1_38' title='bbox 71 427 160 464; x_wconf 77' lang='lat' dir='ltr'>alius</span> <span class='ocrx_word' id='word_1_39' title='bbox 176 434 325 464; x_wconf 84' lang='lat' dir='ltr'>eventus</span> <span class='ocrx_word' id='word_1_40' title='bbox 340 426 541 474; x_wconf 61' lang='lat' dir='ltr'>injectioniS</span> <span class='ocrx_word' id='word_1_41' title='bbox 564 425 712 463; x_wconf 83' lang='lat' dir='ltr'>deberet</span> <span class='ocrx_word' id='word_1_42' title='bbox 733 424 925 473; x_wconf 63' lang='lat' dir='ltr'>exspectari</span> <span class='ocrx_word' id='word_1_43' title='bbox 944 453 953 467; x_wconf 82' lang='lat'>‚</span> <span class='ocrx_word' id='word_1_44' title='bbox 989 436 1110 473; x_wconf 80' lang='lat' dir='ltr'>neque</span> <span class='ocrx_word' id='word_1_45' title='bbox 1124 421 1242 473; x_wconf 73' lang='lat' dir='ltr'>posset</span> <span class='ocrx_word' id='word_1_46' title='bbox 1265 424 1416 465; x_wconf 79' lang='lat' dir='ltr'>evitari,</span> <span class='ocrx_word' id='word_1_47' title='bbox 1451 425 1540 473; x_wconf 87' lang='lat' dir='ltr'>quin</span> <span class='ocrx_word' id='word_1_48' title='bbox 1564 438 1627 463; x_wconf 82' lang='lat' dir='ltr'>ex-</span> 
     </span>
     <span class='ocr_line' id='line_1_6' title="bbox 71 479 1627 531; baseline 0 -11"><span class='ocrx_word' id='word_1_49' title='bbox 71 490 125 520; x_wconf 79' lang='lat' dir='ltr'>tra</span> <span class='ocrx_word' id='word_1_50' title='bbox 146 483 222 520; x_wconf 81' lang='lat' dir='ltr'>vasa</span> <span class='ocrx_word' id='word_1_51' title='bbox 246 483 406 531; x_wconf 84' lang='lat' dir='ltr'>inpulsus</span> <span class='ocrx_word' id='word_1_52' title='bbox 428 482 551 531; x_wconf 83' lang='lat' dir='ltr'>liquor</span> <span class='ocrx_word' id='word_1_53' title='bbox 580 481 826 519; x_wconf 86' lang='lat' dir='ltr'>effunderetur</span> <span class='ocrx_word' id='word_1_54' title='bbox 851 509 860 523; x_wconf 89' lang='lat'>‚</span> <span class='ocrx_word' id='word_1_55' title='bbox 894 479 918 516; x_wconf 91' lang='lat' dir='ltr'>fi</span> <span class='ocrx_word' id='word_1_56' title='bbox 943 487 1066 518; x_wconf 77' lang='lat' dir='ltr'>uterus</span> <span class='ocrx_word' id='word_1_57' title='bbox 1100 481 1197 517; x_wconf 78' lang='lat' dir='ltr'>ostiis</span> <span class='ocrx_word' id='word_1_58' title='bbox 1228 480 1327 516; x_wconf 75' lang='lat' dir='ltr'>hiat:</span> <span class='ocrx_word' id='word_1_59' title='bbox 1366 487 1427 517; x_wconf 88' lang='lat' dir='ltr'>aut</span> <span class='ocrx_word' id='word_1_60' title='bbox 1453 482 1491 518; x_wconf 88' lang='lat' dir='ltr'>in</span> <span class='ocrx_word' id='word_1_61' title='bbox 1519 494 1627 521; x_wconf 85' lang='lat' dir='ltr'>venas</span> 
     </span>
     <span class='ocr_line' id='line_1_7' title="bbox 72 536 1594 585; baseline 0 -9"><span class='ocrx_word' id='word_1_62' title='bbox 72 541 167 577; x_wconf 87' lang='lat' dir='ltr'>uteri</span> <span class='ocrx_word' id='word_1_63' title='bbox 193 539 292 576; x_wconf 87' lang='lat' dir='ltr'>idem</span> <span class='ocrx_word' id='word_1_64' title='bbox 317 539 452 576; x_wconf 89' lang='lat' dir='ltr'>humor</span> <span class='ocrx_word' id='word_1_65' title='bbox 479 538 636 581; x_wconf 79' lang='lat' dir='ltr'>rediret,</span> <span class='ocrx_word' id='word_1_66' title='bbox 662 537 688 574; x_wconf 88' lang='lat' dir='ltr'><strong>fi</strong></span> <span class='ocrx_word' id='word_1_67' title='bbox 717 537 814 575; x_wconf 78' lang='lat' dir='ltr'>nulla</span> <span class='ocrx_word' id='word_1_68' title='bbox 838 537 920 574; x_wconf 89' lang='lat' dir='ltr'>sunt</span> <span class='ocrx_word' id='word_1_69' title='bbox 948 539 986 574; x_wconf 87' lang='lat' dir='ltr'>in</span> <span class='ocrx_word' id='word_1_70' title='bbox 1014 538 1089 584; x_wconf 85' lang='lat' dir='ltr'>ejus</span> <span class='ocrx_word' id='word_1_71' title='bbox 1117 538 1257 573; x_wconf 85' lang='lat' dir='ltr'>interna</span> <span class='ocrx_word' id='word_1_72' title='bbox 1282 536 1470 585; x_wconf 89' lang='lat' dir='ltr'>superficie</span> <span class='ocrx_word' id='word_1_73' title='bbox 1495 538 1594 582; x_wconf 87' lang='lat' dir='ltr'>ostia,</span> 
     </span>
    </p>
   </div>
   <div class='ocr_carea' id='block_1_4' title="bbox 70 617 1621 726">
    <p class='ocr_par' dir='ltr' id='par_1_4' title="bbox 70 617 1621 726">
     <span class='ocr_line' id='line_1_8' title="bbox 183 617 1621 669; baseline 0.001 -12"><span class='ocrx_word' id='word_1_74' title='bbox 183 618 320 658; x_wconf 89' lang='lat' dir='ltr'>Iterum</span> <span class='ocrx_word' id='word_1_75' title='bbox 351 620 387 656; x_wconf 68' lang='grc' dir='ltr'>ἃ</span> <span class='ocrx_word' id='word_1_76' title='bbox 419 624 521 669; x_wconf 79' lang='lat' dir='ltr'>ego,</span> <span class='ocrx_word' id='word_1_77' title='bbox 554 620 589 656; x_wconf 89' lang='lat'>&amp;</span> <span class='ocrx_word' id='word_1_78' title='bbox 617 618 670 657; x_wconf 91' lang='lat' dir='ltr'>Cl.</span> <span class='ocrx_word' id='word_1_79' title='bbox 698 618 918 657; x_wconf 47' lang='lat' dir='ltr'>Romami</span> <span class='ocrx_word' id='word_1_80' title='bbox 938 617 999 663; x_wconf 77' lang='lat' dir='ltr'>n),</span> <span class='ocrx_word' id='word_1_81' title='bbox 1029 631 1149 656; x_wconf 84' lang='lat' dir='ltr'>ceram</span> <span class='ocrx_word' id='word_1_82' title='bbox 1186 620 1223 655; x_wconf 92' lang='lat' dir='ltr'>in</span> <span class='ocrx_word' id='word_1_83' title='bbox 1249 617 1457 656; x_wconf 84' lang='lat' dir='ltr'>cellulosam</span> <span class='ocrx_word' id='word_1_84' title='bbox 1490 620 1621 665; x_wconf 80' lang='lat' dir='ltr'>telam,</span> 
     </span>
     <span class='ocr_line' id='line_1_9' title="bbox 70 675 673 726; baseline -0.002 -13"><span class='ocrx_word' id='word_1_85' title='bbox 70 687 151 726; x_wconf 81' lang='lat' dir='ltr'>quae</span> <span class='ocrx_word' id='word_1_86' title='bbox 178 675 336 714; x_wconf 90' lang='lat' dir='ltr'>chorion</span> <span class='ocrx_word' id='word_1_87' title='bbox 362 676 432 719; x_wconf 86' lang='lat' dir='ltr'>est,</span> <span class='ocrx_word' id='word_1_88' title='bbox 466 676 673 726; x_wconf 82' lang='lat' dir='ltr'>inpulimus.</span> 
     </span>
    </p>
   </div>
   <div class='ocr_carea' id='block_1_5' title="bbox 70 755 1624 1022">
    <p class='ocr_par' dir='ltr' id='par_1_5' title="bbox 70 755 1624 1022">
     <span class='ocr_line' id='line_1_10' title="bbox 182 755 1624 800; baseline 0.001 -5"><span class='ocrx_word' id='word_1_89' title='bbox 182 757 398 796; x_wconf 84' lang='lat' dir='ltr'>Proximum</span> <span class='ocrx_word' id='word_1_90' title='bbox 420 758 589 800; x_wconf 88' lang='lat' dir='ltr'>videtur,</span> <span class='ocrx_word' id='word_1_91' title='bbox 628 757 673 794; x_wconf 87' lang='lat' dir='ltr'>ad</span> <span class='ocrx_word' id='word_1_92' title='bbox 704 756 953 794; x_wconf 78' lang='lat' dir='ltr'>conciliandos</span> <span class='ocrx_word' id='word_1_93' title='bbox 984 764 1157 798; x_wconf 84' lang='lat' dir='ltr'>eventus,</span> <span class='ocrx_word' id='word_1_94' title='bbox 1191 755 1266 793; x_wconf 83' lang='lat' dir='ltr'>vasa</span> <span class='ocrx_word' id='word_1_95' title='bbox 1294 757 1387 793; x_wconf 86' lang='lat' dir='ltr'>inter</span> <span class='ocrx_word' id='word_1_96' title='bbox 1411 763 1557 795; x_wconf 87' lang='lat' dir='ltr'>uterum</span> <span class='ocrx_word' id='word_1_97' title='bbox 1588 760 1624 796; x_wconf 72' lang='lat' dir='ltr'>Sc</span> 
     </span>
     <span class='ocr_line' id='line_1_11' title="bbox 70 812 1624 863; baseline 0.003 -13"><span class='ocrx_word' id='word_1_98' title='bbox 70 813 188 851; x_wconf 80' lang='lat' dir='ltr'>fetum</span> <span class='ocrx_word' id='word_1_99' title='bbox 217 814 358 857; x_wconf 82' lang='lat' dir='ltr'>media,</span> <span class='ocrx_word' id='word_1_100' title='bbox 390 814 428 851; x_wconf 89' lang='lat' dir='ltr'>in</span> <span class='ocrx_word' id='word_1_101' title='bbox 456 821 609 863; x_wconf 83' lang='lat' dir='ltr'>utraque</span> <span class='ocrx_word' id='word_1_102' title='bbox 642 814 772 851; x_wconf 89' lang='lat' dir='ltr'>chorio</span> <span class='ocrx_word' id='word_1_103' title='bbox 807 814 903 851; x_wconf 88' lang='lat' dir='ltr'>nuda</span> <span class='ocrx_word' id='word_1_104' title='bbox 938 814 973 850; x_wconf 69' lang='grc' dir='ltr'>δε</span> <span class='ocrx_word' id='word_1_105' title='bbox 1011 812 1203 861; x_wconf 76' lang='lat' dir='ltr'>placentali</span> <span class='ocrx_word' id='word_1_106' title='bbox 1237 821 1425 861; x_wconf 81' lang='lat' dir='ltr'>pertenera</span> <span class='ocrx_word' id='word_1_107' title='bbox 1457 813 1551 859; x_wconf 82' lang='lat' dir='ltr'>effe,</span> <span class='ocrx_word' id='word_1_108' title='bbox 1583 824 1624 854; x_wconf 85' lang='lat' dir='ltr'>ut</span> 
     </span>
     <span class='ocr_line' id='line_1_12' title="bbox 72 869 1623 920; baseline 0.002 -13"><span class='ocrx_word' id='word_1_109' title='bbox 72 872 183 908; x_wconf 80' lang='lat' dir='ltr'>rarius</span> <span class='ocrx_word' id='word_1_110' title='bbox 210 872 350 920; x_wconf 79' lang='lat' dir='ltr'>integra</span> <span class='ocrx_word' id='word_1_111' title='bbox 369 872 443 909; x_wconf 85' lang='lat' dir='ltr'>vim</span> <span class='ocrx_word' id='word_1_112' title='bbox 467 872 602 919; x_wconf 60' lang='lat' dir='ltr'>injectae</span> <span class='ocrx_word' id='word_1_113' title='bbox 627 882 715 907; x_wconf 73' lang='lat' dir='ltr'>cerae</span> <span class='ocrx_word' id='word_1_114' title='bbox 743 871 960 912; x_wconf 82' lang='lat' dir='ltr'>sustineant,</span> <span class='ocrx_word' id='word_1_115' title='bbox 995 881 1148 920; x_wconf 82' lang='lat' dir='ltr'>eamque</span> <span class='ocrx_word' id='word_1_116' title='bbox 1175 869 1219 906; x_wconf 88' lang='lat' dir='ltr'>ad</span> <span class='ocrx_word' id='word_1_117' title='bbox 1251 869 1329 906; x_wconf 83' lang='lat' dir='ltr'>vasa</span> <span class='ocrx_word' id='word_1_118' title='bbox 1363 870 1529 909; x_wconf 73' lang='lat' dir='ltr'>umbilici</span> <span class='ocrx_word' id='word_1_119' title='bbox 1555 871 1623 910; x_wconf 92' lang='lat' dir='ltr'>du-</span> 
     </span>
     <span class='ocr_line' id='line_1_13' title="bbox 70 925 1621 977; baseline 0.003 -14"><span class='ocrx_word' id='word_1_120' title='bbox 70 934 176 968; x_wconf 82' lang='lat' dir='ltr'>cant,</span> <span class='ocrx_word' id='word_1_121' title='bbox 209 927 426 977; x_wconf 65' lang='lat' dir='ltr'>plerumque</span> <span class='ocrx_word' id='word_1_122' title='bbox 452 939 539 965; x_wconf 94' lang='lat' dir='ltr'>vero</span> <span class='ocrx_word' id='word_1_123' title='bbox 571 929 723 977; x_wconf 79' lang='lat' dir='ltr'>abrupta</span> <span class='ocrx_word' id='word_1_124' title='bbox 751 929 789 964; x_wconf 87' lang='lat' dir='ltr'>in</span> <span class='ocrx_word' id='word_1_125' title='bbox 826 926 1034 965; x_wconf 86' lang='lat' dir='ltr'>cellulosam</span> <span class='ocrx_word' id='word_1_126' title='bbox 1065 926 1175 965; x_wconf 84' lang='lat' dir='ltr'>telam</span> <span class='ocrx_word' id='word_1_127' title='bbox 1205 925 1415 970; x_wconf 80' lang='lat' dir='ltr'>dimittant,</span> <span class='ocrx_word' id='word_1_128' title='bbox 1435 930 1498 977; x_wconf 91' lang='lat' dir='ltr'>qui</span> <span class='ocrx_word' id='word_1_129' title='bbox 1519 940 1621 968; x_wconf 89' lang='lat' dir='ltr'>meus</span> 
     </span>
     <span class='ocr_line' id='line_1_14' title="bbox 73 982 681 1022; baseline 0.002 -2"><span class='ocrx_word' id='word_1_130' title='bbox 73 983 108 1020; x_wconf 64' lang='lat' dir='ltr'>&amp;c</span> <span class='ocrx_word' id='word_1_131' title='bbox 136 982 377 1022; x_wconf 62' lang='lat' dir='ltr'>Romnum</span> <span class='ocrx_word' id='word_1_132' title='bbox 403 984 472 1021; x_wconf 89' lang='lat' dir='ltr'>suit</span> <span class='ocrx_word' id='word_1_133' title='bbox 496 982 681 1022; x_wconf 75' lang='lat' dir='ltr'><strong>successus,</strong></span> 
     </span>
    </p>
   </div>
   <div class='ocr_carea' id='block_1_6' title="bbox 70 1064 1625 1283">
    <p class='ocr_par' dir='ltr' id='par_1_6' title="bbox 70 1064 1625 1283">
     <span class='ocr_line' id='line_1_15' title="bbox 185 1064 1623 1115; baseline 0.003 -14"><span class='ocrx_word' id='word_1_134' title='bbox 185 1064 359 1114; x_wconf 84' lang='lat' dir='ltr'>Denique</span> <span class='ocrx_word' id='word_1_135' title='bbox 393 1067 501 1102; x_wconf 85' lang='lat' dir='ltr'>etiam</span> <span class='ocrx_word' id='word_1_136' title='bbox 525 1065 600 1102; x_wconf 76' lang='lat' dir='ltr'>ILL.</span> <span class='ocrx_word' id='word_1_137' title='bbox 630 1069 807 1102; x_wconf 66' lang='lat' dir='ltr'>Aram-us</span> <span class='ocrx_word' id='word_1_138' title='bbox 829 1066 866 1108; x_wconf 88' lang='lat'>0)</span> <span class='ocrx_word' id='word_1_139' title='bbox 901 1066 1044 1102; x_wconf 77' lang='lat' dir='ltr'>arterias</span> <span class='ocrx_word' id='word_1_140' title='bbox 1076 1064 1295 1113; x_wconf 85' lang='lat' dir='ltr'>serpentinas</span> <span class='ocrx_word' id='word_1_141' title='bbox 1324 1067 1418 1102; x_wconf 85' lang='lat' dir='ltr'>uteri</span> <span class='ocrx_word' id='word_1_142' title='bbox 1451 1066 1623 1115; x_wconf 75' lang='lat' dir='ltr'>sanguine</span> 
     </span>
     <span class='ocr_line' id='line_1_16' title="bbox 72 1119 1624 1170; baseline 0.003 -14"><span class='ocrx_word' id='word_1_143' title='bbox 72 1119 196 1169; x_wconf 83' lang='lat' dir='ltr'>plenas</span> <span class='ocrx_word' id='word_1_144' title='bbox 223 1122 362 1158; x_wconf 86' lang='lat' dir='ltr'>invenit</span> <span class='ocrx_word' id='word_1_145' title='bbox 378 1149 390 1163; x_wconf 83' lang='lat'>‚</span> <span class='ocrx_word' id='word_1_146' title='bbox 426 1129 466 1159; x_wconf 92' lang='lat' dir='ltr'>ut</span> <span class='ocrx_word' id='word_1_147' title='bbox 483 1133 552 1170; x_wconf 87' lang='lat' dir='ltr'>pro</span> <span class='ocrx_word' id='word_1_148' title='bbox 572 1121 692 1159; x_wconf 91' lang='lat' dir='ltr'>lubitu</span> <span class='ocrx_word' id='word_1_149' title='bbox 722 1133 807 1164; x_wconf 82' lang='lat' dir='ltr'>eum</span> <span class='ocrx_word' id='word_1_150' title='bbox 836 1122 873 1157; x_wconf 90' lang='lat' dir='ltr'>in</span> <span class='ocrx_word' id='word_1_151' title='bbox 891 1120 1094 1169; x_wconf 78' lang='lat' dir='ltr'>placentam</span> <span class='ocrx_word' id='word_1_152' title='bbox 1123 1120 1236 1169; x_wconf 90' lang='lat' dir='ltr'>usque</span> <span class='ocrx_word' id='word_1_153' title='bbox 1254 1121 1459 1170; x_wconf 85' lang='lat' dir='ltr'>impelleret</span> <span class='ocrx_word' id='word_1_154' title='bbox 1478 1151 1488 1165; x_wconf 86' lang='lat'>‚</span> <span class='ocrx_word' id='word_1_155' title='bbox 1522 1125 1557 1161; x_wconf 66' lang='grc' dir='ltr'>ἃ</span> <span class='ocrx_word' id='word_1_156' title='bbox 1577 1138 1624 1164; x_wconf 91' lang='lat' dir='ltr'>ne</span> 
     </span>
     <span class='ocr_line' id='line_1_17' title="bbox 70 1177 1625 1229; baseline 0.004 -16"><span class='ocrx_word' id='word_1_157' title='bbox 70 1178 137 1225; x_wconf 81' lang='lat' dir='ltr'>ipfi</span> <span class='ocrx_word' id='word_1_158' title='bbox 167 1177 316 1226; x_wconf 86' lang='lat' dir='ltr'>quidem</span> <span class='ocrx_word' id='word_1_159' title='bbox 342 1184 416 1214; x_wconf 83' lang='lat' dir='ltr'>tam</span> <span class='ocrx_word' id='word_1_160' title='bbox 446 1184 553 1215; x_wconf 82' lang='lat' dir='ltr'>cauto</span> <span class='ocrx_word' id='word_1_161' title='bbox 583 1179 662 1215; x_wconf 89' lang='lat' dir='ltr'>viro</span> <span class='ocrx_word' id='word_1_162' title='bbox 691 1178 845 1215; x_wconf 81' lang='lat' dir='ltr'>dubium</span> <span class='ocrx_word' id='word_1_163' title='bbox 868 1177 1075 1220; x_wconf 86' lang='lat' dir='ltr'>videretur,</span> <span class='ocrx_word' id='word_1_164' title='bbox 1108 1178 1198 1227; x_wconf 88' lang='lat' dir='ltr'>quin</span> <span class='ocrx_word' id='word_1_165' title='bbox 1222 1178 1298 1215; x_wconf 79' lang='lat' dir='ltr'>haec</span> <span class='ocrx_word' id='word_1_166' title='bbox 1318 1178 1394 1216; x_wconf 84' lang='lat' dir='ltr'>vasa</span> <span class='ocrx_word' id='word_1_167' title='bbox 1413 1178 1625 1229; x_wconf 77' lang='lat' dir='ltr'>sanguinem</span> 
     </span>
     <span class='ocr_line' id='line_1_18' title="bbox 70 1233 601 1283; baseline 0 -13"><span class='ocrx_word' id='word_1_168' title='bbox 70 1234 109 1270; x_wconf 90' lang='lat' dir='ltr'>in</span> <span class='ocrx_word' id='word_1_169' title='bbox 135 1233 340 1283; x_wconf 79' lang='lat' dir='ltr'>placentam</span> <span class='ocrx_word' id='word_1_170' title='bbox 371 1233 601 1271; x_wconf 86' lang='lat' dir='ltr'>deducerent.</span> 
     </span>
    </p>
   </div>
   <div class='ocr_carea' id='block_1_7' title="bbox 71 1313 1627 1578">
    <p class='ocr_par' dir='ltr' id='par_1_7' title="bbox 71 1313 1627 1578">
     <span class='ocr_line' id='line_1_19' title="bbox 186 1313 1622 1365; baseline 0.003 -13"><span class='ocrx_word' id='word_1_171' title='bbox 186 1313 231 1352; x_wconf 89' lang='lat' dir='ltr'>Et</span> <span class='ocrx_word' id='word_1_172' title='bbox 255 1314 466 1362; x_wconf 80' lang='lat' dir='ltr'>sanguinem</span> <span class='ocrx_word' id='word_1_173' title='bbox 489 1314 638 1365; x_wconf 81' lang='lat' dir='ltr'>quidem</span> <span class='ocrx_word' id='word_1_174' title='bbox 661 1315 814 1354; x_wconf 90' lang='lat' dir='ltr'>rubrum</span> <span class='ocrx_word' id='word_1_175' title='bbox 839 1327 885 1352; x_wconf 85' lang='lat' dir='ltr'>ex</span> <span class='ocrx_word' id='word_1_176' title='bbox 907 1316 1002 1353; x_wconf 86' lang='lat' dir='ltr'>uteri</span> <span class='ocrx_word' id='word_1_177' title='bbox 1028 1314 1113 1352; x_wconf 84' lang='lat' dir='ltr'>vafis</span> <span class='ocrx_word' id='word_1_178' title='bbox 1129 1314 1168 1363; x_wconf 79' lang='lat' dir='ltr'>p)</span> <span class='ocrx_word' id='word_1_179' title='bbox 1194 1316 1232 1352; x_wconf 91' lang='lat' dir='ltr'>in</span> <span class='ocrx_word' id='word_1_180' title='bbox 1260 1314 1377 1353; x_wconf 82' lang='lat' dir='ltr'>chorii</span> <span class='ocrx_word' id='word_1_181' title='bbox 1401 1317 1479 1355; x_wconf 83' lang='lat' dir='ltr'>vasa</span> <span class='ocrx_word' id='word_1_182' title='bbox 1504 1319 1622 1363; x_wconf 83' lang='lat' dir='ltr'>tradi,</span> 
     </span>
     <span class='ocr_line' id='line_1_20' title="bbox 72 1371 1625 1425; baseline 0.003 -18"><span class='ocrx_word' id='word_1_183' title='bbox 72 1371 278 1408; x_wconf 89' lang='lat' dir='ltr'>multorum</span> <span class='ocrx_word' id='word_1_184' title='bbox 309 1372 345 1408; x_wconf 87' lang='lat'>&amp;</span> <span class='ocrx_word' id='word_1_185' title='bbox 380 1379 545 1409; x_wconf 80' lang='lat' dir='ltr'>veterum</span> <span class='ocrx_word' id='word_1_186' title='bbox 577 1372 646 1409; x_wconf 88' lang='lat' dir='ltr'>fuit</span> <span class='ocrx_word' id='word_1_187' title='bbox 682 1372 854 1410; x_wconf 87' lang='lat' dir='ltr'>sententia</span> <span class='ocrx_word' id='word_1_188' title='bbox 897 1372 932 1408; x_wconf 82' lang='lat'>&amp;</span> <span class='ocrx_word' id='word_1_189' title='bbox 971 1384 1199 1420; x_wconf 84' lang='lat' dir='ltr'>nuperorum</span> <span class='ocrx_word' id='word_1_190' title='bbox 1219 1371 1280 1419; x_wconf 59' lang='grc' dir='ltr'>ᾡς</span> <span class='ocrx_word' id='word_1_191' title='bbox 1320 1381 1461 1421; x_wconf 84' lang='lat' dir='ltr'>partem</span> <span class='ocrx_word' id='word_1_192' title='bbox 1493 1388 1625 1425; x_wconf 84' lang='lat' dir='ltr'>nempe</span> 
     </span>
     <span class='ocr_line' id='line_1_21' title="bbox 72 1427 1627 1477; baseline 0.005 -13"><span class='ocrx_word' id='word_1_193' title='bbox 72 1427 253 1475; x_wconf 80' lang='lat' dir='ltr'>sanguinis</span> <span class='ocrx_word' id='word_1_194' title='bbox 283 1429 415 1465; x_wconf 87' lang='lat' dir='ltr'>uterini</span> <span class='ocrx_word' id='word_1_195' title='bbox 435 1457 445 1470; x_wconf 88' lang='lat'>‚</span> <span class='ocrx_word' id='word_1_196' title='bbox 477 1436 598 1477; x_wconf 87' lang='lat' dir='ltr'>aptam</span> <span class='ocrx_word' id='word_1_197' title='bbox 630 1428 715 1466; x_wconf 80' lang='lat' dir='ltr'>vasis</span> <span class='ocrx_word' id='word_1_198' title='bbox 737 1428 1000 1466; x_wconf 85' lang='lat' dir='ltr'>resumentibus</span> <span class='ocrx_word' id='word_1_199' title='bbox 1026 1428 1146 1465; x_wconf 74' lang='lat' dir='ltr'>fetus:</span> <span class='ocrx_word' id='word_1_200' title='bbox 1179 1441 1288 1477; x_wconf 87' lang='lat' dir='ltr'>quam</span> <span class='ocrx_word' id='word_1_201' title='bbox 1311 1429 1519 1477; x_wconf 84' lang='lat' dir='ltr'>vigesimam</span> <span class='ocrx_word' id='word_1_202' title='bbox 1542 1432 1627 1471; x_wconf 84' lang='lat' dir='ltr'>facit</span> 
     </span>
     <span class='ocr_line' id='line_1_22' title="bbox 72 1481 1627 1536; baseline 0.005 -16"><span class='ocrx_word' id='word_1_203' title='bbox 72 1481 110 1521; x_wconf 74' lang='lat' dir='ltr'>P.</span> <span class='ocrx_word' id='word_1_204' title='bbox 130 1484 162 1521; x_wconf 77' lang='lat' dir='ltr'>S.</span> <span class='ocrx_word' id='word_1_205' title='bbox 184 1484 407 1521; x_wconf 62' lang='lat' dir='ltr'>Romnum</span> <span class='ocrx_word' id='word_1_206' title='bbox 425 1484 486 1529; x_wconf 85' lang='grc' dir='ltr'>ν),</span> <span class='ocrx_word' id='word_1_207' title='bbox 517 1497 603 1522; x_wconf 82' lang='lat' dir='ltr'>nam</span> <span class='ocrx_word' id='word_1_208' title='bbox 626 1487 754 1536; x_wconf 86' lang='lat' dir='ltr'>utique</span> <span class='ocrx_word' id='word_1_209' title='bbox 779 1486 897 1534; x_wconf 78' lang='lat' dir='ltr'>maj0r</span> <span class='ocrx_word' id='word_1_210' title='bbox 921 1497 1000 1535; x_wconf 87' lang='lat' dir='ltr'>pars</span> <span class='ocrx_word' id='word_1_211' title='bbox 1022 1485 1203 1534; x_wconf 87' lang='lat' dir='ltr'>sanguinis</span> <span class='ocrx_word' id='word_1_212' title='bbox 1226 1487 1359 1523; x_wconf 82' lang='lat' dir='ltr'>uterini</span> <span class='ocrx_word' id='word_1_213' title='bbox 1378 1498 1444 1536; x_wconf 87' lang='lat' dir='ltr'>per</span> <span class='ocrx_word' id='word_1_214' title='bbox 1468 1487 1544 1526; x_wconf 83' lang='lat' dir='ltr'>suas</span> <span class='ocrx_word' id='word_1_215' title='bbox 1565 1501 1627 1527; x_wconf 88' lang='lat' dir='ltr'>ve-</span> 
     </span>
     <span class='ocr_line' id='line_1_23' title="bbox 71 1540 262 1578; baseline 0 -1"><span class='ocrx_word' id='word_1_216' title='bbox 71 1551 135 1577; x_wconf 81' lang='lat' dir='ltr'>nas</span> <span class='ocrx_word' id='word_1_217' title='bbox 159 1540 262 1578; x_wconf 89' lang='lat' dir='ltr'>redit.</span> 
     </span>
    </p>
   </div>
   <div class='ocr_carea' id='block_1_8' title="bbox 70 1620 1626 1898">
    <p class='ocr_par' dir='ltr' id='par_1_8' title="bbox 70 1620 1626 1898">
     <span class='ocr_line' id='line_1_24' title="bbox 186 1620 1626 1672; baseline 0.004 -13"><span class='ocrx_word' id='word_1_218' title='bbox 186 1620 247 1659; x_wconf 89' lang='lat' dir='ltr'>De</span> <span class='ocrx_word' id='word_1_219' title='bbox 276 1621 402 1660; x_wconf 83' lang='lat' dir='ltr'>colore</span> <span class='ocrx_word' id='word_1_220' title='bbox 429 1622 577 1672; x_wconf 82' lang='lat' dir='ltr'>quidem</span> <span class='ocrx_word' id='word_1_221' title='bbox 599 1622 689 1661; x_wconf 89' lang='lat' dir='ltr'>nihil</span> <span class='ocrx_word' id='word_1_222' title='bbox 715 1623 805 1660; x_wconf 89' lang='lat' dir='ltr'>certi</span> <span class='ocrx_word' id='word_1_223' title='bbox 834 1621 1080 1660; x_wconf 81' lang='lat' dir='ltr'>adfirmavero.</span> <span class='ocrx_word' id='word_1_224' title='bbox 1130 1621 1352 1671; x_wconf 80' lang='lat' dir='ltr'>Magnitudo</span> <span class='ocrx_word' id='word_1_225' title='bbox 1377 1630 1498 1662; x_wconf 86' lang='lat' dir='ltr'>tamen</span> <span class='ocrx_word' id='word_1_226' title='bbox 1525 1628 1626 1665; x_wconf 87' lang='lat' dir='ltr'>vaso-</span> 
     </span>
     <span class='ocr_line' id='line_1_25' title="bbox 70 1679 1624 1733; baseline 0.005 -18"><span class='ocrx_word' id='word_1_227' title='bbox 70 1690 155 1716; x_wconf 84' lang='lat' dir='ltr'>rum</span> <span class='ocrx_word' id='word_1_228' title='bbox 179 1679 455 1722; x_wconf 86' lang='lat' dir='ltr'>arteriosorum,</span> <span class='ocrx_word' id='word_1_229' title='bbox 483 1692 502 1716; x_wconf 88' lang='lat' dir='ltr'>a</span> <span class='ocrx_word' id='word_1_230' title='bbox 523 1679 770 1717; x_wconf 74' lang='lat' dir='ltr'>ROEDERERO</span> <span class='ocrx_word' id='word_1_231' title='bbox 794 1681 832 1716; x_wconf 69' lang='lat' dir='ltr'>iu</span> <span class='ocrx_word' id='word_1_232' title='bbox 855 1679 982 1716; x_wconf 80' lang='lat' dir='ltr'>chorio</span> <span class='ocrx_word' id='word_1_233' title='bbox 1010 1679 1192 1727; x_wconf 68' lang='lat' dir='ltr'>pictorum</span> <span class='ocrx_word' id='word_1_234' title='bbox 1209 1679 1264 1723; x_wconf 79' lang='lat' dir='ltr'>s),</span> <span class='ocrx_word' id='word_1_235' title='bbox 1300 1681 1335 1716; x_wconf 68' lang='grc' dir='ltr'>δε</span> <span class='ocrx_word' id='word_1_236' title='bbox 1365 1681 1483 1719; x_wconf 87' lang='lat' dir='ltr'>multo</span> <span class='ocrx_word' id='word_1_237' title='bbox 1510 1686 1624 1733; x_wconf 79' lang='lat' dir='ltr'>magis</span> 
     </span>
     <span class='ocr_line' id='line_1_26' title="bbox 71 1735 1625 1785; baseline 0.005 -14"><span class='ocrx_word' id='word_1_238' title='bbox 71 1735 118 1772; x_wconf 87' lang='lat' dir='ltr'>ab</span> <span class='ocrx_word' id='word_1_239' title='bbox 145 1735 301 1772; x_wconf 74' lang='lat' dir='ltr'>ALBINO</span> <span class='ocrx_word' id='word_1_240' title='bbox 322 1738 374 1778; x_wconf 80' lang='lat' dir='ltr'>t),</span> <span class='ocrx_word' id='word_1_241' title='bbox 402 1737 438 1772; x_wconf 64' lang='grc' dir='ltr'>ὃς</span> <span class='ocrx_word' id='word_1_242' title='bbox 455 1735 578 1773; x_wconf 81' lang='lat' dir='ltr'>subitae</span> <span class='ocrx_word' id='word_1_243' title='bbox 598 1737 870 1785; x_wconf 72' lang='lat' dir='ltr'>haeniorrhagiae</span> <span class='ocrx_word' id='word_1_244' title='bbox 886 1764 896 1778; x_wconf 87' lang='lat'>‚</span> <span class='ocrx_word' id='word_1_245' title='bbox 928 1748 1007 1784; x_wconf 79' lang='lat' dir='ltr'>quae</span> <span class='ocrx_word' id='word_1_246' title='bbox 1030 1735 1234 1784; x_wconf 73' lang='lat' dir='ltr'>placentam</span> <span class='ocrx_word' id='word_1_247' title='bbox 1261 1738 1367 1774; x_wconf 85' lang='lat' dir='ltr'>etiam</span> <span class='ocrx_word' id='word_1_248' title='bbox 1391 1738 1544 1777; x_wconf 84' lang='lat' dir='ltr'>feliciter</span> <span class='ocrx_word' id='word_1_249' title='bbox 1569 1741 1625 1779; x_wconf 91' lang='lat' dir='ltr'>so-</span> 
     </span>
     <span class='ocr_line' id='line_1_27' title="bbox 72 1790 1625 1843; baseline 0.006 -17"><span class='ocrx_word' id='word_1_250' title='bbox 72 1790 186 1827; x_wconf 65' lang='lat' dir='ltr'>{utam</span> <span class='ocrx_word' id='word_1_251' title='bbox 213 1793 248 1828; x_wconf 79' lang='lat' dir='ltr'>in</span> <span class='ocrx_word' id='word_1_252' title='bbox 275 1794 420 1840; x_wconf 87' lang='lat' dir='ltr'>optimo</span> <span class='ocrx_word' id='word_1_253' title='bbox 446 1800 550 1840; x_wconf 85' lang='lat' dir='ltr'>partu</span> <span class='ocrx_word' id='word_1_254' title='bbox 572 1795 785 1841; x_wconf 82' lang='lat' dir='ltr'>excipiunt,</span> <span class='ocrx_word' id='word_1_255' title='bbox 816 1793 1028 1841; x_wconf 82' lang='lat' dir='ltr'>sanguinem</span> <span class='ocrx_word' id='word_1_256' title='bbox 1047 1793 1171 1841; x_wconf 84' lang='lat' dir='ltr'>potius</span> <span class='ocrx_word' id='word_1_257' title='bbox 1188 1822 1197 1836; x_wconf 77' lang='grc'>,</span> <span class='ocrx_word' id='word_1_258' title='bbox 1232 1805 1340 1843; x_wconf 80' lang='lat' dir='ltr'>quam</span> <span class='ocrx_word' id='word_1_259' title='bbox 1358 1793 1554 1834; x_wconf 86' lang='lat' dir='ltr'>humorem</span> <span class='ocrx_word' id='word_1_260' title='bbox 1572 1805 1625 1835; x_wconf 89' lang='lat' dir='ltr'>te-</span> 
     </span>
     <span class='ocr_line' id='line_1_28' title="bbox 72 1848 685 1898; baseline 0.003 -14"><span class='ocrx_word' id='word_1_261' title='bbox 72 1849 244 1885; x_wconf 81' lang='lat' dir='ltr'>nuiorem</span> <span class='ocrx_word' id='word_1_262' title='bbox 267 1848 437 1886; x_wconf 89' lang='lat' dir='ltr'>videntur</span> <span class='ocrx_word' id='word_1_263' title='bbox 459 1850 685 1898; x_wconf 82' lang='lat' dir='ltr'>promittere.</span> 
     </span>
    </p>
   </div>
   <div class='ocr_carea' id='block_1_9' title="bbox 879 1938 1621 1982">
    <p class='ocr_par' dir='ltr' id='par_1_9' title="bbox 879 1938 1621 1982">
     <span class='ocr_line' id='line_1_29' title="bbox 879 1938 1621 1982; baseline 0.007 -5"><span class='ocrx_word' id='word_1_264' title='bbox 879 1938 929 1977; x_wconf 91' lang='lat' dir='ltr'>Ii</span> <span class='ocrx_word' id='word_1_265' title='bbox 962 1949 983 1978; x_wconf 81' lang='lat'><em>2</em></span> <span class='ocrx_word' id='word_1_266' title='bbox 1569 1944 1621 1982; x_wconf 81' lang='lat' dir='ltr'>Ita</span> 
     </span>
    </p>
   </div>
   <div class='ocr_carea' id='block_1_10' title="bbox 38 2040 1620 2444">
    <p class='ocr_par' dir='ltr' id='par_1_10' title="bbox 112 2040 280 2078">
     <span class='ocr_line' id='line_1_30' title="bbox 112 2040 280 2078; baseline 0 -8"><span class='ocrx_word' id='word_1_267' title='bbox 112 2040 149 2076; x_wconf 82' lang='lat' dir='ltr'>n)</span> <span class='ocrx_word' id='word_1_268' title='bbox 169 2050 198 2078; x_wconf 83' lang='lat' dir='ltr'>p.</span> <span class='ocrx_word' id='word_1_269' title='bbox 214 2050 280 2077; x_wconf 79' lang='lat'>240.</span> 
     </span>
    </p>

    <p class='ocr_par' dir='ltr' id='par_1_11' title="bbox 113 2081 461 2119">
     <span class='ocr_line' id='line_1_31' title="bbox 113 2081 461 2119; baseline 0.006 -9"><span class='ocrx_word' id='word_1_270' title='bbox 113 2082 144 2116; x_wconf 86' lang='lat' dir='ltr'>o)</span> <span class='ocrx_word' id='word_1_271' title='bbox 166 2081 276 2112; x_wconf 76' lang='lat' dir='ltr'>Adnot.</span> <span class='ocrx_word' id='word_1_272' title='bbox 293 2081 321 2112; x_wconf 86' lang='lat' dir='ltr'>L.</span> <span class='ocrx_word' id='word_1_273' title='bbox 335 2081 356 2112; x_wconf 86' lang='lat' dir='ltr'>I.</span> <span class='ocrx_word' id='word_1_274' title='bbox 373 2091 399 2119; x_wconf 86' lang='lat' dir='ltr'>p.</span> <span class='ocrx_word' id='word_1_275' title='bbox 416 2090 461 2119; x_wconf 78' lang='lat'>35.</span> 
     </span>
    </p>

    <p class='ocr_par' dir='ltr' id='par_1_12' title="bbox 111 2122 1037 2161">
     <span class='ocr_line' id='line_1_32' title="bbox 111 2122 1037 2161; baseline 0.003 -11"><span class='ocrx_word' id='word_1_276' title='bbox 111 2122 145 2160; x_wconf 75' lang='lat' dir='ltr'>p)</span> <span class='ocrx_word' id='word_1_277' title='bbox 171 2122 411 2159; x_wconf 59' lang='lat' dir='ltr'>Hmpomzmas,</span> <span class='ocrx_word' id='word_1_278' title='bbox 428 2123 591 2158; x_wconf 63' lang='lat' dir='ltr'>Qum-xus,</span> <span class='ocrx_word' id='word_1_279' title='bbox 607 2122 797 2159; x_wconf 59' lang='lat' dir='ltr'>hammes.</span> <span class='ocrx_word' id='word_1_280' title='bbox 818 2124 828 2154; x_wconf 90' lang='lat'>1</span> <span class='ocrx_word' id='word_1_281' title='bbox 851 2124 871 2155; x_wconf 91' lang='lat' dir='ltr'>l.</span> <span class='ocrx_word' id='word_1_282' title='bbox 889 2133 913 2154; x_wconf 85' lang='lat' dir='ltr'>c.</span> <span class='ocrx_word' id='word_1_283' title='bbox 925 2131 946 2153; x_wconf 84' lang='lat' dir='ltr'>t.</span> <span class='ocrx_word' id='word_1_284' title='bbox 969 2133 992 2161; x_wconf 89' lang='lat'>3.</span> <span class='ocrx_word' id='word_1_285' title='bbox 1012 2133 1037 2158; x_wconf 81' lang='grc' dir='ltr'>ς.</span> 
     </span>
    </p>

    <p class='ocr_par' dir='ltr' id='par_1_13' title="bbox 73 2161 1620 2290">
     <span class='ocr_line' id='line_1_33' title="bbox 115 2161 1620 2204; baseline 0.002 -13"><span class='ocrx_word' id='word_1_286' title='bbox 115 2162 146 2201; x_wconf 78' lang='lat' dir='ltr'>q)</span> <span class='ocrx_word' id='word_1_287' title='bbox 168 2161 342 2192; x_wconf 56' lang='lat' dir='ltr'>Coroneus</span> <span class='ocrx_word' id='word_1_288' title='bbox 364 2173 389 2200; x_wconf 88' lang='lat' dir='ltr'>p.</span> <span class='ocrx_word' id='word_1_289' title='bbox 405 2172 471 2199; x_wconf 82' lang='lat'>250.</span> <span class='ocrx_word' id='word_1_290' title='bbox 503 2164 671 2195; x_wconf 70' lang='lat' dir='ltr'>LAURENT.</span> <span class='ocrx_word' id='word_1_291' title='bbox 687 2165 716 2196; x_wconf 93' lang='lat' dir='ltr'>L.</span> <span class='ocrx_word' id='word_1_292' title='bbox 730 2165 802 2195; x_wconf 74' lang='lat' dir='ltr'>Vm.</span> <span class='ocrx_word' id='word_1_293' title='bbox 822 2165 910 2204; x_wconf 72' lang='lat' dir='ltr'>quxst.</span> <span class='ocrx_word' id='word_1_294' title='bbox 927 2174 974 2200; x_wconf 80' lang='lat'>24.</span> <span class='ocrx_word' id='word_1_295' title='bbox 1007 2164 1042 2194; x_wconf 91' lang='lat' dir='ltr'>T.</span> <span class='ocrx_word' id='word_1_296' title='bbox 1056 2164 1298 2194; x_wconf 50' lang='lat' dir='ltr'>Baarnormus</span> <span class='ocrx_word' id='word_1_297' title='bbox 1309 2172 1389 2195; x_wconf 68' lang='lat' dir='ltr'>anat.</span> <span class='ocrx_word' id='word_1_298' title='bbox 1405 2176 1433 2204; x_wconf 89' lang='lat' dir='ltr'>p.</span> <span class='ocrx_word' id='word_1_299' title='bbox 1453 2176 1517 2204; x_wconf 77' lang='lat'>3³1.</span> <span class='ocrx_word' id='word_1_300' title='bbox 1541 2168 1620 2199; x_wconf 65' lang='lat' dir='ltr'>Das-</span> 
     </span>
     <span class='ocr_line' id='line_1_34' title="bbox 75 2204 1618 2246; baseline 0.006 -16"><span class='ocrx_word' id='word_1_301' title='bbox 75 2205 386 2240; x_wconf 69' lang='lat' dir='ltr'>LthouRT.pe⁷·ioch.</span> <span class='ocrx_word' id='word_1_302' title='bbox 403 2213 446 2241; x_wconf 87' lang='lat'>37.</span> <span class='ocrx_word' id='word_1_303' title='bbox 472 2204 679 2234; x_wconf 50' lang='lat' dir='ltr'>mimicam</span> <span class='ocrx_word' id='word_1_304' title='bbox 694 2216 721 2243; x_wconf 87' lang='lat' dir='ltr'>p.</span> <span class='ocrx_word' id='word_1_305' title='bbox 738 2215 804 2241; x_wconf 69' lang='lat'>232³&gt;-</span> <span class='ocrx_word' id='word_1_306' title='bbox 829 2206 926 2236; x_wconf 70' lang='grc' dir='ltr'>Μεκγ</span> <span class='ocrx_word' id='word_1_307' title='bbox 940 2207 1033 2236; x_wconf 72' lang='lat' dir='ltr'>Mem.</span> <span class='ocrx_word' id='word_1_308' title='bbox 1049 2208 1082 2235; x_wconf 79' lang='lat' dir='ltr'>de</span> <span class='ocrx_word' id='word_1_309' title='bbox 1101 2211 1284 2243; x_wconf 74' lang='lat'>1708.1709.</span> <span class='ocrx_word' id='word_1_310' title='bbox 1310 2205 1618 2246; x_wconf 51' lang='lat' dir='ltr'>Cmsuumpagz.</span> 
     </span>
     <span class='ocr_line' id='line_1_35' title="bbox 73 2241 1619 2290; baseline 0.007 -19"><span class='ocrx_word' id='word_1_311' title='bbox 73 2241 260 2274; x_wconf 70' lang='lat' dir='ltr'>LIEUTAUD,</span> <span class='ocrx_word' id='word_1_312' title='bbox 277 2253 304 2281; x_wconf 87' lang='lat' dir='ltr'>p.</span> <span class='ocrx_word' id='word_1_313' title='bbox 320 2253 385 2281; x_wconf 83' lang='lat'>273.</span> <span class='ocrx_word' id='word_1_314' title='bbox 410 2246 604 2274; x_wconf 61' lang='lat' dir='ltr'>Rom-muns.</span> <span class='ocrx_word' id='word_1_315' title='bbox 631 2247 858 2276; x_wconf 55' lang='lat' dir='ltr'>Noourwrcx.</span> <span class='ocrx_word' id='word_1_316' title='bbox 876 2256 904 2284; x_wconf 91' lang='lat' dir='ltr'>p.</span> <span class='ocrx_word' id='word_1_317' title='bbox 921 2256 967 2282; x_wconf 82' lang='lat'>99.</span> <span class='ocrx_word' id='word_1_318' title='bbox 991 2246 1130 2276; x_wconf 75' lang='lat' dir='ltr'>KAAuw.</span> <span class='ocrx_word' id='word_1_319' title='bbox 1148 2256 1176 2276; x_wconf 89' lang='lat' dir='ltr'>n.</span> <span class='ocrx_word' id='word_1_320' title='bbox 1191 2256 1276 2283; x_wconf 86' lang='lat'>1049.</span> <span class='ocrx_word' id='word_1_321' title='bbox 1303 2246 1464 2278; x_wconf 64' lang='lat' dir='ltr'>CRAssous</span> <span class='ocrx_word' id='word_1_322' title='bbox 1481 2251 1619 2290; x_wconf 73' lang='lat' dir='ltr'>degener.</span> 
     </span>
    </p>

    <p class='ocr_par' dir='ltr' id='par_1_14' title="bbox 74 2281 1470 2326">
     <span class='ocr_line' id='line_1_36' title="bbox 74 2281 1470 2326; baseline 0.004 -13"><span class='ocrx_word' id='word_1_323' title='bbox 74 2281 186 2313; x_wconf 69' lang='lat' dir='ltr'>Dmvs</span> <span class='ocrx_word' id='word_1_324' title='bbox 204 2294 231 2321; x_wconf 92' lang='lat' dir='ltr'>p.</span> <span class='ocrx_word' id='word_1_325' title='bbox 251 2288 318 2322; x_wconf 77' lang='lat'>263.</span> <span class='ocrx_word' id='word_1_326' title='bbox 341 2285 538 2315; x_wconf 66' lang='lat' dir='ltr'>HEURRMAN.</span> <span class='ocrx_word' id='word_1_327' title='bbox 553 2286 698 2326; x_wconf 54' lang='lat' dir='ltr'>phjfiolog.</span> <span class='ocrx_word' id='word_1_328' title='bbox 713 2287 807 2318; x_wconf 76' lang='lat' dir='ltr'>T.1v,</span> <span class='ocrx_word' id='word_1_329' title='bbox 823 2298 848 2325; x_wconf 86' lang='lat' dir='ltr'>p.</span> <span class='ocrx_word' id='word_1_330' title='bbox 863 2297 930 2323; x_wconf 82' lang='lat'>4¹0-</span> <span class='ocrx_word' id='word_1_331' title='bbox 956 2286 1100 2317; x_wconf 61' lang='lat' dir='ltr'>Connus</span> <span class='ocrx_word' id='word_1_332' title='bbox 1114 2297 1142 2326; x_wconf 85' lang='lat' dir='ltr'>p.</span> <span class='ocrx_word' id='word_1_333' title='bbox 1162 2295 1206 2326; x_wconf 85' lang='lat'>37.</span> <span class='ocrx_word' id='word_1_334' title='bbox 1227 2294 1270 2325; x_wconf 82' lang='lat'>38.</span> <span class='ocrx_word' id='word_1_335' title='bbox 1285 2296 1321 2317; x_wconf 82' lang='lat' dir='ltr'>ex</span> <span class='ocrx_word' id='word_1_336' title='bbox 1336 2288 1470 2318; x_wconf 62' lang='lat' dir='ltr'>Aramo.</span> 
     </span>
    </p>

    <p class='ocr_par' dir='ltr' id='par_1_15' title="bbox 38 2324 534 2363">
     <span class='ocr_line' id='line_1_37' title="bbox 38 2324 534 2363; baseline 0.006 -12"><span class='ocrx_word' id='word_1_337' title='bbox 38 2331 40 2333; x_wconf 72' lang='grc'><strong><em>’</em></strong></span> <span class='ocrx_word' id='word_1_338' title='bbox 117 2324 146 2356; x_wconf 57' lang='lat' dir='ltr'>r&gt;</span> <span class='ocrx_word' id='word_1_339' title='bbox 167 2326 263 2355; x_wconf 54' lang='grc' dir='ltr'>λίθω.</span> <span class='ocrx_word' id='word_1_340' title='bbox 278 2327 311 2355; x_wconf 78' lang='lat' dir='ltr'>de</span> <span class='ocrx_word' id='word_1_341' title='bbox 330 2336 357 2362; x_wconf 71' lang='lat'>³7</span> <span class='ocrx_word' id='word_1_342' title='bbox 369 2337 410 2354; x_wconf 64' lang='grc' dir='ltr'>ιε.</span> <span class='ocrx_word' id='word_1_343' title='bbox 427 2335 454 2363; x_wconf 88' lang='lat' dir='ltr'>p.</span> <span class='ocrx_word' id='word_1_344' title='bbox 472 2336 534 2355; x_wconf 85' lang='lat'>100.</span> 
     </span>
    </p>

    <p class='ocr_par' dir='ltr' id='par_1_16' title="bbox 116 2364 269 2400">
     <span class='ocr_line' id='line_1_38' title="bbox 116 2364 269 2400; baseline 0.013 -8"><span class='ocrx_word' id='word_1_345' title='bbox 116 2364 143 2400; x_wconf 85' lang='lat' dir='ltr'>s)</span> <span class='ocrx_word' id='word_1_346' title='bbox 164 2372 183 2393; x_wconf 91' lang='lat' dir='ltr'>t.</span> <span class='ocrx_word' id='word_1_347' title='bbox 202 2369 233 2393; x_wconf 96' lang='grc'>3.</span> <span class='ocrx_word' id='word_1_348' title='bbox 251 2366 269 2394; x_wconf 89' lang='lat' dir='ltr'>f.</span> 
     </span>
    </p>

    <p class='ocr_par' dir='ltr' id='par_1_17' title="bbox 64 2405 443 2444">
     <span class='ocr_line' id='line_1_39' title="bbox 64 2405 443 2444; baseline 0.008 -11"><span class='ocrx_word' id='word_1_349' title='bbox 64 2430 69 2434; x_wconf 87' lang='lat'>.</span> <span class='ocrx_word' id='word_1_350' title='bbox 113 2405 141 2441; x_wconf 83' lang='lat' dir='ltr'>t)</span> <span class='ocrx_word' id='word_1_351' title='bbox 163 2413 182 2433; x_wconf 65' lang='lat' dir='ltr'>t„</span> <span class='ocrx_word' id='word_1_352' title='bbox 203 2414 230 2442; x_wconf 80' lang='grc'>7,</span> <span class='ocrx_word' id='word_1_353' title='bbox 246 2413 317 2435; x_wconf 84' lang='lat' dir='ltr'>uter.</span> <span class='ocrx_word' id='word_1_354' title='bbox 331 2408 443 2444; x_wconf 76' lang='lat' dir='ltr'>gravid.</span> 
     </span>
    </p>
   </div>
  </div>
 </body>
</html>
