1955 2732
365 155 439 193 208
824 147 937 187 LIB.
972 147 1119 186 XXIX.
1180 148 1208 186 F
1238 148 1266 188 E
1300 149 1332 188 T
1362 149 1398 188 U
1427 150 1460 190 S.

357 257 422 308 qui
451 268 517 308 per
543 255 685 308 aliquot
710 257 755 296 ab
782 255 961 295 umbilico
987 256 1112 294 uncias
1132 253 1176 307 d)
1202 257 1240 293 in
1268 268 1351 295 eum
1381 258 1586 300 funiculum
1618 265 1824 302 continuari
1857 265 1923 303 do-

356 321 450 353 cent.

468 395 616 435 Deinde
643 396 762 445 aliqua
789 396 871 433 lunt
892 393 1038 443 vestigia
1059 393 1220 433 veficulae
1235 424 1244 438 ‚
1277 395 1432 444 gelatina
1448 426 1458 441 ,
1491 404 1553 436 aut
1571 411 1662 449 aqua
1682 400 1816 450 plenae,
1841 414 1921 452 quae

354 452 464 492 fuerit
487 457 525 490 in
551 452 622 490 fine
648 452 814 490 umbilici
833 480 843 495 ‚
877 464 947 501 qua
970 452 1173 501 placentam
1193 451 1338 501 respicit
1363 453 1405 496 e).

468 534 544 572 Im..
570 533 748 585 ALBmus
758 531 805 583 f)
828 535 866 570 in
883 540 1011 571 tenero
1035 534 1112 571 fetu
1137 546 1171 579 7.
1191 533 1469 583 septimanarum
1492 548 1557 585 per
1579 536 1786 577 funiculum
1812 538 1919 578 semel

353 590 445 629 vidit
474 591 647 641 gracilem
673 591 890 629 chordulam
912 589 1031 633 ivisse,
1065 592 1103 627 iu
1131 589 1322 628 vesiculam
1353 594 1606 637 terminatam,
1639 607 1718 643 quae
1748 595 1856 632 fuerit
1881 597 1918 632 in

352 649 466 686 amnii
486 647 531 696 g)
564 647 799 686 infundibulo
818 676 827 691 ,
861 648 899 684 δι
927 648 1020 684 inter
1043 647 1201 685 chorion
1221 676 1230 690 ‚
1265 649 1302 684 ὃς
1332 651 1483 686 amnion
1505 649 1742 687 sinistrorsum
1767 651 1917 688 inclina-

351 711 437 747 tam,
463 704 599 753 pofita:
628 704 737 742 semel
754 705 863 744 etiam
879 703 1041 742 canalem
1056 704 1172 748 vidit,
1206 716 1251 743 ex
1276 703 1347 743 fine
1369 706 1534 744 umbilici
1558 707 1597 743 in
1613 706 1802 746 vesiculam
1825 720 1913 745 eun-

351 768 427 799 tem
446 761 496 805 h).

463 841 671 881 Vefieulam
698 842 842 881 ovalem
867 842 1046 881 umbilico
1072 854 1279 881 connexam
1303 843 1396 881 vidit
1415 856 1532 894 nuper
1558 844 1633 882 ILL.
1649 844 1910 888 Bomimaaus,

350 911 460 950 quam
486 899 668 949 probabili
694 901 889 939 ratiocinio
919 901 1034 938 credit
1062 912 1132 949 pro
1162 900 1379 939 allantoidea
1403 901 1526 939 haberi
1544 901 1573 947 i)
1601 900 1711 951 poffe.

462 980 508 1019 Et
531 979 774 1020 Rmmunus
794 981 907 1020 HALE
927 982 966 1027 lc)
988 982 1061 1020 fuse
1083 981 1288 1031 descripsit,
1326 982 1478 1020 vesicam
1509 984 1634 1021 amnio
1666 983 1885 1022 teneriorem
1899 1011 1909 1026 ,

346 1036 502 1087 positam
532 1039 627 1075 inter
653 1046 794 1088 partem
825 1039 936 1076 amnii
956 1067 966 1081 ,
999 1038 1190 1087 choriique
1215 1067 1224 1081 ,
1257 1050 1336 1087 quae
1364 1039 1568 1088 placentam
1601 1039 1769 1088 respicit,
1796 1051 1911 1087 angu-

346 1094 519 1137 stiorem,
554 1107 664 1144 quam
691 1095 883 1144 placenta,
926 1107 1037 1144 quam
1065 1094 1179 1132 altero
1212 1096 1346 1132 vertice
1379 1096 1599 1144 contingat,
1634 1096 1748 1132 fetum
1781 1095 1907 1133 altero.

345 1149 435 1188 Eam
459 1163 572 1201 porro
602 1150 694 1189 vidit
716 1151 780 1189 sub
800 1153 864 1189 ovi
886 1153 1021 1189 vertice
1042 1179 1052 1194 ,
1091 1151 1136 1188 ad
1163 1150 1250 1189 duas
1277 1153 1398 1189 tertias
1433 1164 1518 1190 cum
1543 1153 1667 1189 amnio
1697 1152 1874 1200 conjungi
1896 1180 1907 1195 ,

345 1208 384 1244 in
406 1209 586 1246 cervicem
611 1220 699 1246 vero
718 1207 810 1245 duos
834 1207 1027 1245 admittere
1047 1207 1202 1245 urachos
1222 1236 1232 1250 ‚
1265 1220 1359 1257 quos
1379 1209 1496 1246 rectos
1518 1210 1554 1245 &
1576 1207 1805 1257 praegrandes
1827 1209 1910 1256 pin-

344 1265 424 1313 git3
458 1265 494 1302 &
517 1265 656 1302 exstant
681 1265 784 1302 testes
804 1263 836 1314 J
857 1262 961 1302 ΚΕΗ,
982 1263 1012 1309 l>
1030 1293 1040 1307 ‚
1069 1265 1106 1301 δε
1125 1263 1179 1302 Cl.
1195 1264 1333 1301 TvsoN
1348 1266 1401 1310 m)
1416 1293 1427 1309 ,
1459 1265 1525 1316 qui
1538 1264 1625 1303 duas
1641 1263 1771 1303 veficas
1790 1263 1910 1302 diver-

344 1320 384 1358 so
411 1322 528 1359 modo
556 1322 729 1360 coloratis
751 1321 957 1371 liquoribus
983 1321 1107 1371 plenas
1141 1320 1307 1358 viderint.

344 1457 382 1497 H
456 1401 575 1441 Etiam
600 1403 683 1442 alias
703 1405 742 1440 in
762 1410 891 1441 tenero
921 1403 1054 1441 abortu
1085 1402 1342 1441 allantoideam
1359 1409 1505 1441 ovatam
1528 1402 1562 1441 se
1592 1400 1759 1452 reperisse
1778 1401 1818 1447 η)
1837 1401 1903 1440 CL.

385 1470 458 1496 ALE
490 1459 599 1496 addit.

391 1597 403 1634 l
456 1540 527 1578 Sed
534 1542 655 1635 det{am
669 1540 736 1580 CL.
754 1540 958 1579 Mammas
971 1536 1009 1590 o)
1029 1542 1068 1578 in
1087 1539 1338 1591 quadrimestri
1361 1540 1438 1579 fetu
1461 1546 1566 1590 putat
1589 1538 1623 1577 se
1641 1537 1819 1588 ejusmodi
1834 1538 1906 1577 sac-

343 1608 388 1636 cu
405 1609 468 1636 um
496 1599 530 1634 vi
559 1599 582 1634 ii
600 1610 627 1634 e.

453 1679 584 1729 Nuper
609 1677 664 1718 Cl.
689 1677 953 1717 Romanus
965 1676 1010 1727 p)
1034 1677 1288 1716 allantoideam
1316 1678 1567 1717 membranam
1597 1679 1723 1716 amnio
1747 1676 1904 1726 adgluti-

1781 1740 1904 1771 natam

382 1821 416 1855 d)
437 1822 549 1852 Pena.
582 1822 718 1853 Urachm.
740 1822 798 1854 obs.
813 1833 840 1859 4.

383 1863 409 1899 e)
432 1863 513 1892 eonf
538 1874 565 1900 μ.
588 1873 651 1899 190.
681 1863 838 1895 MANGET.
861 1863 979 1895 Theatr.
995 1859 1174 1893 Smnakc.
1189 1862 1360 1894 Hoaoxm.
1379 1868 1460 1892 mat.
1478 1870 1561 1902 repet.
1577 1871 1604 1900 p.
1622 1868 1688 1892 222.
1721 1861 1901 1893 Romanam.

336 1901 389 1941 set.
401 1903 510 1939 perfect*
535 1914 560 1933 n.
578 1914 622 1937 ις.
639 1904 715 1934 ἱππεῖ
729 1904 892 1942 placentam
917 1906 943 1934 &c
967 1904 1085 1933 amnion
1098 1925 1107 1939 ,
1129 1901 1317 1940 chorionque.

377 1942 414 1981 f»
436 1944 538 1974 Adnot
564 1943 757 1982 L.l.p.74.t.i.
774 1945 792 1974 f.
805 1943 1026 1975 uteonfitestis
1044 1943 1277 1975 CLNEueana
1295 1945 1329 1972 de
1344 1944 1491 1973 allantoid.
1505 1944 1619 1981 p.43.&
1633 1941 1901 1972 CLNooaTwch

340 1993 360 2022 p
388 1993 454 2012 202.
474 1986 520 2021 qui
539 1994 605 2014 eum
622 1986 713 2015 fetum
728 1986 809 2016 vidit.
832 1985 962 2016 Similem
974 1985 1083 2014 habent
1093 1983 1260 2028 Bonnmaa.
1273 1985 1326 2015 Sit.
1338 1991 1410 2014 uter.
1425 1993 1452 2021 p.
1465 1993 1491 2018 4.
1517 1984 1730 2013 LAMBRECHT.
1746 1981 1803 2012 obs.
1818 1986 1899 2020 p.6o.

379 2034 385 2047 1
401 2035 403 2038 ⁴
443 2025 458 2053 J.
552 2037 577 2054 zv.
702 2049 709 2055 .

341 2023 460 2103 Ριέξοδῐ
477 2027 574 2102 {iiilaui
593 2030 787 2097 ξῖὶόῖίίῑευὴι
809 2065 949 2100 urinaria,
969 2066 1030 2101 ejus
1044 2062 1125 2094 sedes
1139 2063 1179 2095 est
1194 2063 1229 2094 ad
1246 2062 1396 2101 ingressum
1408 2063 1531 2094 fiiniculi
1553 2063 1794 2094 Hmws‘rnam
1804 2061 1897 2100 funic.

340 2106 466 2135 umbilic.
482 2107 587 2143 pathol.
603 2116 630 2143 p.
647 2116 692 2144 ¹9·
720 2106 797 2138 lutra
811 2107 930 2137 amnion
946 2105 1001 2137 effe
1022 2105 1164 2137 Dumna
1175 2104 1197 2136 Ι.
1212 2105 1302 2135 modo
1319 2104 1367 2134 cit,

380 2147 414 2181 b)
436 2155 464 2183 p.
486 2155 531 2184 75.
558 2154 578 2176 t.
600 2157 623 2183 5.
648 2148 667 2177 f.
686 2158 712 2183 ς.

381 2188 406 2221 i)
430 2196 455 2223 p.
478 2195 522 2221 32.
538 2188 590 2216 dte.

379 2226 411 2262 k)
436 2228 508 2257 Phil.
533 2225 639 2267 Transi
663 2238 691 2258 n.
706 2236 774 2267 271.
787 2228 807 2259 f.
820 2236 843 2259 1.
863 2237 891 2260 2.

389 2267 414 2301 Ι)
436 2277 464 2305 p.
483 2277 635 2304 113.114.

379 2308 424 2342 m)
440 2308 522 2341 Apud
539 2308 642 2339 ΗΛιι.

381 2348 416 2384 n)
437 2348 457 2378 f.
475 2358 499 2385 3.

380 2389 410 2424 ο)
433 2398 460 2426 p.
481 2394 527 2422 86.

376 2429 411 2465 γ)
438 2427 519 2468 qufi
536 2435 617 2460 nnat.
628 2431 726 2462 botan.
741 2440 771 2469 p.
786 2438 834 2469 23.
