1955 2732
532 93 1364 138 SEochoNCEPTIO.
1702 89 1733 140 9'

277 204 408 255 Neque
434 202 595 242 multum
625 203 749 243 tribuo
772 203 929 242 horridis
957 217 1004 243 ex
1028 204 1181 243 homine
1211 204 1250 243 &
1289 214 1382 254 equa
1398 200 1470 250 d>;
1498 201 1657 242 homine
1683 201 1729 241 δε

164 268 272 313 capra
289 261 345 307 c);
375 261 530 300 homine
563 261 600 297 &
623 272 732 299 vacca
739 259 771 311 f
763 260 787 310 )
811 263 903 298 natis
928 263 1125 311 portenti&-

314 364 406 402 eque
439 351 590 388 demum
605 379 617 393 ‚
650 351 714 400 qui
743 344 939 389 amicitiam
976 350 1007 389 R
1020 363 1040 388 E
1052 363 1079 389 N
1096 364 1153 389 AT
1165 363 1180 388 1
1211 348 1244 389 A
1256 362 1282 387 N
1295 362 1320 387 τ
1332 361 1356 388 o
1370 362 1398 387 N
1411 361 1452 387 11
1485 360 1537 387 m:
1567 348 1600 387 R
1615 361 1635 386 z
1647 361 1670 387 A
1682 351 1729 387 ιμ’

156 422 188 448 n
206 421 267 446 ua
305 410 400 446 inter
428 419 509 446 mea
534 408 714 456 praecipua
731 406 864 446 decora
888 415 1046 457 reputo,
1079 416 1202 445 tamen
1219 419 1383 456 unquam
1407 407 1512 455 potui
1542 406 1721 448 obtinere,

157 473 202 504 ut
222 465 419 506 crederem,
433 475 555 500 veram
577 463 790 502 cuniculum
802 465 897 501 inter
909 464 946 501 Sc
959 464 1130 512 gallinam
1149 459 1440 502 veneremfiiiffe
1460 463 1660 505 exercitam
1665 462 1722 508 g).

267 554 363 592 Mihi
390 554 486 590 enim
514 551 591 590 haec
629 556 785 592 omnino
814 555 928 592 nimia
957 555 1127 592 videntur
1147 568 1160 592 ι
1203 566 1323 604 neque
1363 553 1435 592 ulla
1476 553 1580 603 penis
1613 552 1726 589 tauri-

152 612 194 648 ni
229 610 272 648 ad
300 611 468 659 vaginam
494 621 595 659 equae
634 611 683 648 est
717 612 946 660 proportio:
988 624 1108 661 neque
1137 611 1339 654 cuniculi,
1382 611 1490 649 etiam
1527 621 1613 647 cum
1651 607 1721 645 suis

153 667 306 705 femellis
324 695 336 710 ,
364 662 486 704 amant
503 668 602 704 coire
618 695 628 710 ,
661 668 809 716 quando
831 680 974 705 carcere
998 670 1237 706 continentur
1253 696 1263 711 ‚
1295 674 1339 705 ut
1359 666 1424 705 Gn
1437 679 1474 703 N.
1493 666 1584 704 olim
1600 665 1722 702 noster

156 737 181 762 n
196 735 216 760 Ε
241 723 415 761 ΒιιυΝΝ
448 730 618 772 expertus
636 724 685 761 est
700 752 709 766 ,
743 736 828 762 cum
852 726 890 761 in
908 736 953 762 eo
973 724 1127 762 animale
1146 724 1306 774 pericula
1325 723 1482 773 plurima
1501 722 1721 760 faceremus:

154 791 274 829 neque
293 779 346 818 Ill.
361 779 405 818 de
427 778 486 817 Bu
501 791 624 817 FFON
648 779 688 825 h)
702 788 762 818 aut
784 781 878 829 lupae
901 793 987 818 cum
1008 793 1095 818 cane
1115 793 1286 818 venerem
1303 781 1471 817 obtinere
1487 779 1629 829 potuit,
1661 784 1724 815 aut

157 836 276 885 vulpis
305 848 392 874 cum
422 835 572 873 catella:
602 848 722 885 neque
748 839 786 874 ln
818 837 894 874 ullo
926 849 1049 876 rerum
1078 837 1297 875 naturalium
1328 836 1495 873 thesauro
1523 842 1625 873 „certa
1650 833 1723 870 fide

156 892 318 940 ejusdem
348 893 442 929 inter
475 891 632 930 diversos
662 895 772 930 nimis
798 901 963 942 parentes
993 901 1120 932 natum
1144 894 1349 931 monstrum
1367 893 1517 942 reperiri
1543 891 1626 939 legi.
1658 889 1721 928 De

158 950 304 997 jumaris
332 948 610 997 pedemontanis
635 949 679 986 ad
703 951 839 987 amicos
864 949 983 999 scripfi
1000 979 1009 992 ‚
1055 950 1268 987 defideravit
1297 950 1407 986 etiam
1441 950 1640 986 certiorem
1665 946 1722 983 hi-

157 1005 304 1042 storiam
332 1004 364 1042 C
374 1016 397 1042 A
410 1017 436 1041 R
446 1017 469 1042 o
484 1017 505 1041 L
515 1017 539 1042 u
554 1017 569 1042 s
599 1004 627 1043 B
643 1017 666 1042 o
679 1018 705 1042 N
718 1018 744 1043 N
759 1018 778 1043 E
791 1018 816 1043 T
829 1017 853 1043 u
865 1014 880 1039 s
905 1006 935 1051 i)
957 1019 964 1044 :
995 1006 1054 1044 sed
1077 1006 1246 1045 haetenus
1275 1005 1427 1056 quidem
1449 1004 1543 1042 nihil
1563 1003 1643 1041 satis
1660 1016 1723 1041 ve-

159 1063 189 1098 ri
216 1060 337 1098 didici.

272 1149 372 1188 inter
393 1150 530 1199 plantas
551 1151 713 1198 ejusdem
734 1150 888 1199 speciei,
921 1158 984 1190 aut
1002 1154 1204 1201 proximae,
1236 1152 1399 1201 hybridae
1421 1152 1554 1192 mediat
1588 1151 1719 1201 plantae

157 1206 366 1257 frequentes
396 1207 598 1244 nascuntur.
659 1206 747 1243 Vidi
773 1209 867 1244 inter
892 1208 1043 1256 gallium
1062 1209 1205 1247 luteum
1225 1207 1417 1252 rusticum,
1441 1210 1478 1246 &
1498 1209 1647 1258 vulgare
1670 1208 1721 1246 al-

157 1263 259 1305 bum,
274 1263 431 1312 speciem
456 1263 615 1300 mediam
641 1262 778 1312 pallido
808 1263 906 1302 flore.
968 1263 1255 1315 Tragopogonis
1277 1277 1466 1314 purpureo
1493 1265 1633 1314 polline
1652 1267 1723 1302 im-

157 1328 362 1370 praegnatus
390 1318 559 1368 pratensis
579 1318 844 1370 ‘l'ragopogon⁴
859 1321 1000 1358 mistam
1022 1334 1067 1359 ex
1089 1329 1249 1372 utroque
1272 1321 1433 1369 plantam
1458 1322 1596 1365 edidit,
1624 1321 1722 1372 caly-
1741 1320 1747 1326 ”

159 1387 201 1413 ce
212 1375 250 1420 le)
285 1375 470 1424 longiori,
500 1375 678 1424 pediculis
702 1375 938 1414 crassioribus.
994 1377 1067 1415 Sed
1094 1377 1351 1416 accuratIffima
1374 1380 1540 1427 inprimis
1577 1379 1721 1428 experi-

159 1440 282 1469 menta
309 1433 446 1469 exstant
469 1431 539 1470 ΚΟ
554 1444 639 1469 ELR
653 1443 673 1468 ε
686 1444 710 1468 u
723 1444 747 1469 T
762 1445 781 1469 E
794 1446 815 1469 R
828 1445 841 1469 1
867 1432 896 1477 l>
925 1433 969 1470 de
999 1434 1138 1472 duabus
1167 1435 1357 1473 nicotianae
1387 1434 1574 1484 speciebus
1591 1462 1601 1477 ‚
1635 1447 1717 1484 quae

158 1489 302 1525 tertiam
318 1495 560 1537 generarunt,
593 1488 711 1537 deque
731 1488 872 1526 duabus
893 1489 1080 1539 speciebus
1104 1492 1236 1529 tunicae
1254 1519 1264 1534 ,
1298 1491 1520 1542 duobusque
1543 1491 1719 1541 hyoscya-

160 1545 251 1587 mis,
273 1544 487 1595 duabusque
511 1545 652 1582 tunicis.

271 1634 398 1673 Credo
420 1635 468 1673 de
491 1636 670 1684 proximis
692 1634 901 1685 speciebus3
935 1636 980 1674 de
1005 1639 1156 1676 remotis
1186 1651 1264 1677 non
1292 1638 1436 1676 facilem
1462 1649 1523 1675 me
1549 1637 1690 1677 dedero
1707 1666 1718 1683 ,

162 1703 282 1741 neque
293 1693 472 1730 veronicae
496 1690 683 1729 officinalis
695 1692 747 1735 m)
771 1695 877 1729 maris
893 1706 977 1732 cum
990 1696 1145 1732 verbena
1165 1695 1299 1733 femina
1316 1695 1561 1733 adulterinum
1574 1703 1719 1744 partum

160 1748 240 1785 satis
264 1746 521 1785 confirmatum
539 1755 641 1796 puto.
675 1747 772 1786 Cum
790 1751 888 1785 enim
914 1758 972 1788 tot
993 1751 1093 1788 horti
1114 1753 1151 1788 in
1175 1750 1322 1802 Europa
1342 1751 1411 1788 sint
1424 1780 1433 1793 ‚
1468 1751 1504 1787 &
1519 1753 1619 1788 venti
1637 1751 1721 1800 pol-

161 1804 275 1841 linem
302 1803 500 1852 genitalem
528 1803 697 1841 facillime
722 1817 739 1841 a
773 1805 904 1853 plantis
925 1806 1111 1845 nonnullis
1139 1809 1298 1846 maribus
1320 1808 1364 1845 ad
1399 1808 1549 1844 seminas
1568 1808 1721 1845 transfe-

161 1867 240 1898 rant
258 1887 270 1903 ‚
302 1860 445 1898 videtur
470 1872 548 1897 non
573 1859 728 1909 potuisse
755 1863 904 1906 evitari,
938 1866 1028 1913 quin
1048 1865 1248 1902 innumerae
1269 1876 1374 1902 novae
1397 1864 1562 1913 stirpium
1585 1863 1721 1913 species

1629 1928 1720 1957 natae

199 2002 235 2040 d)
257 2003 514 2041 Hippocentaurus
539 2014 576 2035 ex
597 2004 724 2043 Egypto
743 2004 853 2036 adlatus
876 2006 965 2037 Prm.
983 2006 1012 2038 L.
1029 2006 1091 2039 VH.
1116 2016 1144 2046 p.
1166 2015 1230 2047 375„

211 2045 238 2077 e]
261 2043 389 2074 AEmim.
404 2048 493 2074 anim.
513 2045 533 2076 L
558 2045 603 2075 VI.
620 2056 644 2075 c.
660 2056 707 2079 41.

199 2082 239 2121 s)
264 2087 403 2113 SIORCH.
430 2087 700 2115 Kindcrkrasrkheit.
723 2095 750 2123 p.
772 2090 816 2117 16.

203 2124 236 2161 g)
258 2124 319 2153 Art
342 2126 376 2154 de
391 2124 469 2162 faire
495 2124 588 2155 c'clore.
612 2126 648 2156 T.
664 2126 697 2156 ll.
725 2136 752 2163 p.
773 2137 840 2163 354·

208 2164 241 2195 h)
264 2163 335 2201 Hist.
359 2175 452 2202 gener.
472 2166 511 2202 (ἐξ
525 2173 612 2203 μινΐ.Δ
625 2166 660 2196 T.
677 2166 706 2196 V.
729 2176 757 2204 p.
775 2177 841 2198 210.
860 2166 917 2206 sqq..

207 2205 231 2239 i)
256 2205 339 2241 Corps
358 2209 480 2242 organis.
505 2206 537 2236 T.
560 2206 596 2237 ll.
624 2217 652 2245 p.
674 2216 742 2245 235.

207 2245 238 2279 k)
261 2243 359 2274 LJNN.
375 2255 468 2282 gener.
484 2249 587 2285 ambig.
604 2257 630 2284 p.
652 2256 696 2283 13.

217 2285 243 2318 1)
266 2283 299 2313 ln
329 2284 420 2314 tribus
443 2285 609 2317 doetiffimis
630 2287 744 2317 libellis.

207 2324 252 2357 m)
276 2323 367 2353 Ioum.
389 2325 459 2356 ibid.
479 2336 507 2364 p.
524 2336 567 2356 ιε.

233 2388 399 2428 Harum
424 2390 567 2436 thfiol.
600 2393 709 2433 Tom.
734 2395 835 2434 VIII.
868 2396 904 2436 P.
939 2398 963 2436 I.
1196 2399 1224 2438 B
