1955 2732
276 124 359 162 124
485 111 620 156 ‚21ss
654 108 803 154 XXX.
867 108 1019 152 VITA
1065 107 1345 153 HUMANA
1389 108 1465 154 ET
1513 111 1697 158 MORS.

333 211 393 249 Ne
416 209 617 260 putredinis
638 210 736 258 (i),
765 210 916 261 quidem
939 210 1039 246 initia
1063 220 1133 258 pro
1158 216 1259 247 certo
1281 211 1410 248 mortis
1434 210 1539 260 figno
1566 211 1743 258 admitto,
1774 215 1855 264 qui
1922 244 1925 246 -

271 272 380 309 etiam
393 272 432 308 in
449 272 554 314 vivo,
576 269 637 309 sed
652 272 832 308 morituro
845 299 854 313 ,
877 269 1029 307 homine
1047 280 1124 305 non
1144 267 1311 306 rariffime
1329 277 1428 308 tanta
1446 271 1573 320 praesto
1587 270 1676 315 fint,
1700 281 1741 311 ut
1757 286 1858 312 mor-

269 328 1712 380 tmnpmmhmiefflffioeoe.VANDENHOExum,bffifflmfflamwffi
1748 334 1856 371 mmss

268 403 382 430 verax
399 391 490 428 mihi
512 389 773 432 adfirmaverit,
799 400 885 427 cum
901 400 947 426 ex
970 386 1115 437 pessima
1132 388 1231 425 febre
1248 388 1378 426 miliari
1394 390 1640 429 decumberet.
1669 390 1714 429 Et
1731 399 1859 431 contra

269 450 494 489 Zorzolacas
511 461 524 495 <
542 452 565 487 k
584 457 595 494 )
616 478 626 493 ,
654 449 724 487 five
740 447 950 498 Vampyros
968 448 1108 498 aliquot
1126 448 1251 486 diebus
1266 451 1411 497 penitus
1429 452 1665 500 incorruptos
1688 463 1857 494 manere,

271 512 431 559 vivoque
450 508 623 559 sanguine
657 520 721 547 ora
750 508 858 559 plena
884 508 1016 545 habere
1047 507 1214 555 legimus.

332 568 493 618 Frigoris
531 569 629 615 (l),
666 580 747 618 quae
777 567 923 617 pulsus,
957 566 1017 604 sed
1045 569 1156 604 etiam
1191 569 1312 606 minus
1337 567 1439 606 firma
1469 569 1518 606 est
1550 571 1642 606 ratio
1702 569 1861 620 Hysteri-

273 641 323 667 cae
349 629 458 666 etiam
489 629 631 667 feminae
655 628 862 678 frequenter
881 627 1016 677 frigent
1034 655 1043 669 ,
1079 638 1163 664 cum
1185 622 1289 676 puisu
1310 630 1434 677 miquo
1452 656 1462 670 ‚
1497 629 1557 665 {ed
1579 630 1732 667 minimo

298 725 300 727 ,
333 688 413 735 Qxi
446 690 542 737 riget
570 690 684 736 (m),
714 690 841 738 utique
872 687 992 737 potest
1023 699 1091 735 pro
1123 695 1273 725 mortuo
1318 687 1461 730 haberi,
1496 687 1522 725 fi
1558 696 1680 726 caetera
1712 688 1863 727 consen-2

272 748 393 786 serint.
441 752 533 786 Ante
563 750 725 798 rigorem
757 755 878 786 autem
899 758 998 784 mors
1026 746 1115 795 saepe
1145 746 1297 794 perfecta
1328 747 1387 785 est.
1424 747 1578 797 Proprio
1598 751 1637 786 in
1671 760 1787 798 puero
1811 751 1863 787 vi-

275 809 314 846 di
334 807 479 846 nullum
500 806 568 845 effe
600 811 787 856 rigorem,
821 818 906 845 cum
938 807 1048 844 tertio
1078 806 1160 854 post
1188 813 1347 844 mortem
1381 808 1439 844 die
1465 807 1682 856 sepeliretur.

273 902 275 905 ,
335 867 379 905 ln
400 866 472 904 sola
503 879 592 916 ergo
630 867 872 915 perpetuitate
912 865 1048 902 horum
1077 864 1268 913 fignorum
1311 867 1618 914 conjuntstorum,
1666 875 1708 905 ut
1738 867 1864 906 eadem

275 925 381 965 simul
415 934 598 975 perpetuo
627 925 855 968 increscant,
890 926 1019 963 mortis
1045 922 1189 968 fimum
1220 924 1414 975 posuerim.

354 984 400 1024 Et
433 997 533 1024 nunc
557 997 693 1035 corpus
726 987 766 1022 in
798 985 1033 1035 putredinem
1070 985 1165 1028 ruit,
1200 996 1280 1035 quae
1304 1013 1315 1029 ‚
1361 985 1545 1024 destruetis
1581 986 1744 1036 primum
1774 985 1865 1025 oleis

279 1047 318 1088 ἀ
340 1045 492 1088 salibus,
528 1046 566 1083 δε
592 1044 745 1095 dispulsa
773 1058 844 1083 una
874 1056 988 1094 aqua,
1022 1043 1173 1081 demum
1205 1056 1286 1082 aere
1315 1043 1392 1083 fixo
1422 1045 1600 1089 evoluto,
1634 1045 1761 1084 solutis
1789 1047 1867 1084 vin-

277 1106 370 1144 culis
390 1105 658 1144 elementorum
674 1133 683 1148 ‚
714 1104 787 1143 ossa
812 1106 851 1142 in
875 1112 1007 1141 terram
1021 1104 1191 1146 restituit,
1223 1104 1322 1142 unde
1351 1106 1513 1154 primum
1537 1112 1618 1143 nata
1638 1104 1744 1150 sunt,
1781 1117 1868 1156 qua-

280 1166 327 1203 lia
355 1165 428 1214 ipse
446 1165 520 1208 vidi
536 1194 546 1208 ‚
580 1166 617 1203 δι
636 1164 753 1214 ipsum
769 1164 903 1202 frontis
924 1175 965 1201 os
983 1193 992 1206 ,
1026 1162 1110 1201 suos
1135 1175 1200 1212 per
1221 1163 1315 1202 smus
1335 1164 1439 1202 facile
1467 1165 1708 1215 conspicuum
1724 1196 1732 1207 .
1765 1173 1867 1204 caete·

280 1237 364 1264 rum
391 1225 544 1275 perfeffi:
570 1232 730 1263 terreum
746 1252 757 1268 ,
789 1236 835 1261 ex
863 1223 1077 1270 Thuringiae
1103 1223 1264 1272 quodam
1288 1224 1383 1262 colle
1413 1232 1558 1264 erutum
1582 1237 1707 1262 coram
1735 1224 1863 1263 habeo.

280 1284 327 1323 Et
358 1292 449 1323 tunc
485 1286 638 1323 minima
671 1286 722 1323 vis
763 1283 944 1333 ejusmodi
976 1281 1049 1321 offa
1086 1283 1376 1327 commoluerit,
1412 1292 1453 1323 ut
1479 1286 1518 1322 in
1549 1285 1705 1323 humum
1739 1283 1774 1321 se
1807 1283 1871 1321 ad-

279 1344 463 1382 misceant.

343 1405 515 1442 Animam
545 1403 657 1441 Dno
695 1403 908 1452 reddimus,
943 1403 1003 1439 cui
1026 1401 1093 1439 soli
1114 1403 1189 1448 ejus
1219 1414 1238 1439 a
1268 1410 1388 1440 morte
1419 1404 1525 1441 status
1558 1410 1669 1442 notus
1692 1404 1752 1441 est.
1796 1403 1870 1442 Ad-

281 1463 456 1510 fulgentis
483 1471 606 1500 tamen
636 1461 791 1510 fugienti
820 1461 948 1497 animae
980 1459 1053 1509 spei
1088 1472 1166 1497 non
1196 1472 1277 1498 raro
1302 1463 1342 1499 in
1371 1462 1600 1499 moribundis
1625 1462 1724 1511 signa
1759 1461 1865 1505 vidi,

282 1524 347 1572 qui
382 1521 597 1559 serenissimo
621 1521 725 1558 vultu
742 1550 750 1559 ,
788 1531 866 1556 non
892 1518 966 1555 fine
984 1518 1120 1555 blando
1138 1518 1273 1556 subrisu
1290 1547 1299 1561 ,
1334 1520 1380 1557 de
1403 1522 1475 1558 vita
1491 1520 1725 1558 excesserunt.
1776 1521 1870 1566 Qun

281 1583 354 1630 ipsa
392 1592 493 1618 mors
532 1579 700 1630 sapientis
719 1578 882 1617 hominis
907 1578 1040 1616 mento
1083 1577 1257 1623 ultimum
1300 1578 1350 1616 est
1385 1580 1421 1631 &
1455 1579 1747 1630 potentiffimum
1783 1579 1872 1618 defi-

282 1641 435 1679 derium,

257 1797 268 1818 ²
325 1808 381 1841 (Γ)
403 1808 530 1838 Unicum
549 1807 660 1845 fignum
682 1806 738 1837 esse
759 1805 963 1836 Wmstow.
988 1804 1010 1836 Β
1025 1815 1041 1835 n
1056 1816 1075 1836 u
1089 1816 1110 1836 u
1128 1815 1140 1836 1
1155 1815 1171 1836 ι
1188 1816 1217 1837 ι,
1252 1805 1375 1838 Nuilum
1401 1805 1512 1846 signnm
1538 1810 1646 1839 mortui
1665 1807 1742 1840 fetus
1769 1813 1871 1848 praeter

284 1850 416 1881 eutieulae
443 1848 577 1879 secessum
604 1850 662 1879 Αυι
680 1859 742 1877 nnn
769 1856 867 1886 praegr.
890 1847 968 1883 fetus
992 1855 1048 1885 cupi

325 1891 389 1926 (k)
414 1890 624 1920 Tunvnox.
650 1891 751 1928 Vtgyag.
783 1900 824 1919 au
848 1891 963 1918 Levant.
984 1888 1016 1919 T.
1037 1888 1053 1918 I⁴
1074 1888 1100 1919 P.
1116 1888 1174 1920 1-0,
1197 1891 1242 1922 6³.
1265 1890 1327 1922 ,διο-

324 1931 385 1967 (ἰ)
410 1934 559 1961 Λςτκυε.
587 1932 675 1960 morh.
697 1931 806 1961 mulier.
836 1930 882 1961 lV.
903 1941 929 1969 p,
944 1936 992 1965 80.
1020 1929 1282 1960 Escuxn-rmcu.
1305 1927 1408 1969 observ.
1433 1940 1495 1961 rar.
1517 1940 1546 1970 p.
1564 1940 1613 1963 ιι.
1638 1931 1809 1962 Βιυηιιι.
1832 1930 1870 1963 Τ·

280 1974 572 2053 nkenjol-‹J'aimburg-
594 2014 719 2053 Magaz.
745 2012 780 2046 T.
803 2013 835 2044 X
871 2022 900 2053 p.
920 2022 988 2053 534.
1023 2011 1068 2044 ne
1087 2011 1252 2043 astronomo
1277 2011 1437 2044 Kneuxo
1466 2023 1510 2045 res
1531 2013 1623 2053 vuigo
1646 2022 1715 2046 nota
1735 2013 1785 2044 est.

1627 2381 1874 2425 ADDEN-
