1955 2732
316 163 399 196 ης
751 154 1379 198 ADDENDA.

298 261 307 266 ·
372 251 429 290 CI.
450 253 505 291 vir
543 251 575 304 J.
610 249 658 292 N.
693 250 1046 292 ernzaxumi
1077 252 1285 304 hydropem
1319 251 1475 304 petieris
1503 250 1697 304 pediluviis
1729 254 1895 298 sanabat.

310 323 391 362 quae
427 312 624 352 humorem
660 315 698 351 in
736 313 848 362 pedes
882 313 1134 360 adtraherent;
1169 326 1263 365 quos
1301 325 1416 364 porro
1450 314 1710 353 roborantibus
1742 315 1899 353 medica·

310 374 444 410 mentis
475 373 717 412 consumeret.
1228 400 1258 405 -.

369 431 407 470 Ρ.
426 443 491 470 22.
526 433 582 472 Ex
601 431 770 471 cellulosa
793 431 861 470 tela
883 434 1049 482 corporiS
1072 433 1235 472 animalis
1264 434 1463 472 maximam
1483 439 1622 484 partem
1641 432 1804 471 constare
1833 432 1889 472 Cl.

308 502 341 529 v.
373 491 406 530 <3
420 504 439 530 E
456 505 474 529 u
493 504 519 530 N
532 504 547 530 s
567 494 606 530 de
629 495 706 529 vita
723 503 758 541 p.
782 502 817 537 7.
845 493 881 530 &
898 504 1028 531 omnes
1055 495 1130 541 eJ'us
1154 494 1322 544 corporis
1348 501 1465 543 partes
1482 492 1516 532 R
1531 505 1554 533 0
1567 506 1587 531 B
1601 505 1622 531 E
1635 504 1694 531 nr
1710 495 1819 542 petite
1836 504 1895 531 ve-

307 551 380 588 rosc
409 564 441 600 ‘s-
471 562 536 597 75.
575 553 638 602 qui
663 554 718 590 vir
762 550 817 590 Cl
855 552 893 590 id
929 554 1123 591 inventum
1156 551 1282 591 Psi-1
1298 565 1358 591 'ro
1395 554 1523 592 tribuit
1576 553 1732 593 Nullum
1770 560 1893 591 autem

308 612 384 658 ejus
413 613 478 648 xiri
505 611 680 661 scriptum
711 611 845 655 exstat,
881 623 958 662 quo
989 622 1083 651 ante
1107 624 1246 652 annum
1284 623 1406 660 1747.
1439 611 1534 652 hanc
1564 612 1737 652 elementi
1758 624 1823 651 cor
1825 623 1894 662 ρο,

307 672 355 708 ris
383 671 535 710 humani
562 672 779 722 dignitatem
803 671 1054 711 adfirmaverit

366 729 402 770 P.
437 742 502 778 24.
540 735 566 770 A
584 744 635 769 in
651 745 663 769 1
678 744 701 770 N
718 744 731 770 1
769 733 906 770 meritis
935 733 996 771 hic
1023 732 1116 772 nihil
1136 732 1336 773 detraitum
1368 732 1481 777 volo,
1514 734 1579 784 qui
1597 739 1695 772 certe
1719 731 1892 770 fabricam

306 789 527 829 vasculosam
556 793 723 841 corporis
756 792 919 830 animalis
954 794 1028 841 jam
1064 794 1109 832 ab
1146 805 1245 832 anno
1280 803 1403 840 1725.
1439 793 1672 836 refutaverit,
1719 792 1756 830 &
1787 793 1890 840 cujus

305 849 524 900 discipulum
557 864 655 890 anno
684 862 804 898 1744.
840 854 938 901 paria
965 852 1163 892 docentem
1193 853 1254 892 hic
1283 855 1404 891 citem.
1470 852 1561 891 Non
1585 861 1708 890 tamen
1737 851 1891 889 memini

303 919 366 947 aut
395 909 507 953 olim,
541 920 603 949 aut
631 923 776 961 nuper,
811 911 992 950 Vmum
1028 911 1212 951 summum
1243 912 1334 963 ipsas
1370 911 1558 951 cellulosas
1589 911 1694 950 fibras
1725 912 1762 948 δι
1788 910 1891 949 lamia

301 969 406 1007 nulas
437 982 507 1020 pro
539 970 724 1009 elemento
744 972 904 1020 partium
937 973 1102 1022 corporis
1122 971 1275 1011 humani
1305 970 1532 1023 proposuisse
1550 1001 1560 1015 ‚
1597 983 1682 1011 cum
1707 970 1889 1022 peculiare

300 1029 341 1068 in
379 1030 542 1079 qualibet
575 1033 742 1081 corporis
773 1039 874 1081 parte
905 1031 1042 1070 stamen
1072 1031 1278 1082 adgnoscat.

361 1089 399 1127 P.
418 1096 483 1128 26.
520 1089 789 1140 Pinguedinem
812 1103 858 1130 ex
884 1091 1046 1141 globulis
1064 1091 1309 1143 compositam
1332 1091 1443 1131 habet
1462 1092 1499 1129 in
1520 1090 1696 1130 scarabaeo
1725 1089 1798 1129 Sw
1813 1102 1893 1128 AM:

301 1161 530 1188 MERDAM.
565 1150 645 1190 bibl.
678 1161 827 1202 μευ.
865 1153 904 1190 in
933 1163 1055 1190 verme
1078 1165 1190 1203 apum
1209 1165 1243 1203 p.
1264 1159 1361 1199 408.
1398 1154 1437 1190 in
1472 1163 1557 1191 rana
1586 1163 1611 1202 p
1647 1161 1743 1198 703.
1781 1150 1818 1188 &
1849 1152 1889 1188 in

301 1209 510 1248 universum
531 1223 565 1260 p.
595 1220 690 1258 374.

360 1268 398 1307 P.
423 1280 443 1307 2
456 1277 489 1313 8.
510 1269 659 1311 Fluidus
679 1271 728 1310 est
743 1270 854 1322 adeps
873 1273 992 1311 avium
1009 1274 1254 1323 aquaticarum
1273 1286 1280 1311 :
1306 1274 1342 1311 &
1360 1271 1743 1312 struthiocamelorum
1762 1269 1835 1309 Tu
1849 1280 1888 1307 E..

298 1339 470 1369 VENOT
501 1342 627 1380 voyag.
663 1330 709 1371 ΙΙ.
735 1343 766 1370 c.
786 1342 851 1379 25.
880 1334 989 1371 etiam
1016 1333 1087 1372 urii
1123 1332 1258 1377 occisi,
1293 1340 1334 1372 ut
1360 1332 1406 1371 ad
1433 1332 1507 1371 olei
1536 1331 1694 1371 modum
1723 1332 1760 1369 in
1794 1341 1889 1381 aqua

294 1395 439 1430 nataret
468 1389 496 1429 B
514 1402 780 1430 ARENTSEN
810 1394 847 1430 in
884 1393 1018 1433 celebri
1044 1393 1236 1443 belgarum
1271 1395 1309 1432 in
1342 1394 1391 1432 N.
1436 1391 1575 1431 Zemlia
1615 1391 1882 1431 hibernatione.

297 1446 418 1487 Etiam
438 1451 476 1486 in
504 1449 658 1488 homine
684 1451 809 1488 oleum
841 1453 880 1488 in
912 1460 1067 1490 omento
1095 1452 1250 1491 effusum
1287 1452 1352 1490 Co
1371 1463 1497 1489 LLlN
1515 1464 1530 1489 s
1562 1463 1598 1501 p.
1638 1457 1729 1494 182.
1758 1451 1795 1489 &
1825 1450 1888 1488 ab-

298 1506 439 1547 domen
465 1506 545 1547 fuso
573 1508 679 1559 adipe
711 1508 865 1559 plenum
886 1508 1004 1559 frank-
1031 1513 1189 1549 anmerk.
1223 1510 1284 1549 ΠΙ.
1319 1523 1352 1560 p.
1381 1521 1476 1555 209.

358 1566 396 1606 P.
423 1577 490 1612 29.
526 1569 647 1617 Adeps
673 1568 803 1606 renalis
827 1570 932 1606 bovis
965 1569 1158 1607 levissimus
1182 1597 1193 1612 ,
1229 1571 1274 1607 ad
1307 1581 1438 1620 aquam
1471 1567 1506 1606 se
1544 1568 1654 1607 habet
1683 1575 1726 1607 ut
1753 1578 1880 1614 9290.

303 1637 456 1665 10000.
480 1626 710 1677 ponderosus
725 1627 835 1678 adeps
865 1629 961 1667 renis
986 1629 1138 1667 humani
1152 1644 1216 1661 r:
1231 1635 1309 1673 961
1327 1642 1356 1667 1.
1387 1627 1707 1679 ponderofiffimus
1727 1629 1805 1679 apri
1819 1644 1885 1663 :2

300 1693 427 1733 9748.
481 1687 603 1738 Adeps
629 1687 812 1727 humanus
833 1689 992 1727 maxime
1012 1688 1189 1739 limpidus
1219 1689 1269 1728 est
1285 1718 1295 1733 ,
1344 1690 1382 1727 &
1407 1690 1446 1727 in
1481 1701 1595 1740 parvo
1612 1688 1734 1728 calore
1770 1687 1882 1728 fusilis

296 1745 804 1786 Musscnwnaozck
829 1748 941 1795 Instit.
971 1750 1069 1800 phys.

356 1805 394 1845 P.
414 1817 477 1853 37.
513 1806 555 1846 ln
578 1819 665 1847 cane
685 1820 704 1845 a
731 1819 875 1846 veneno
897 1809 1095 1848 interemto
1123 1808 1313 1848 manifesto
1345 1809 1418 1848 vidi
1445 1810 1482 1848 &
1509 1808 1784 1848 exsudationem
1805 1809 1882 1847 san

295 1867 417 1915 guinis
453 1869 491 1905 in
525 1865 801 1906 cellulofitatem
837 1866 1033 1906 secundam
1061 1870 1306 1919 tertiamque,
1342 1870 1378 1907 Sc
1412 1881 1569 1919 grumos
1602 1868 1699 1919 ipsos
1739 1870 1879 1908 cruoris

296 1925 504 1966 effi1sos.ln
529 1928 665 1965 morbo
693 1926 894 1966 acutissimo
923 1929 1016 1967 vidit
1040 1928 1095 1967 Cl.
1120 1928 1209 1969 Tis
1226 1941 1313 1967 sor
1342 1929 1589 1968 ventriculum
1612 1928 1877 1968 inflammatum

296 1996 383 2024 cum
408 1988 544 2025 arteriis
566 1987 734 2027 inanibus
764 1990 801 2025 in
836 1986 926 2037 epist.
960 1988 1005 2027 ad
1032 1984 1070 2028 H
1086 2000 1245 2027 ALLER
1262 2001 1282 2025 υ
1297 2001 1328 2026 Μ
1349 2001 1384 2038 p.
1425 1999 1518 2034 153,

354 2044 393 2084 P.
418 2057 486 2093 42.
517 2046 719 2097 Viginti&
748 2047 833 2087 osto
861 2047 962 2087 libris
991 2060 1038 2087 ex
1057 2048 1123 2088 usu
1145 2047 1290 2099 saponis
1319 2048 1436 2087 levior
1468 2048 1677 2088 Firmis
1693 2060 1718 2087 G
1743 2046 1785 2097 of
1802 2060 1878 2087 cor-

289 2105 440 2154 pulence.
507 2104 709 2158 Odoginta
741 2108 842 2148 librae
875 2119 941 2159 per
980 2108 1133 2157 variolas
1163 2107 1292 2147 amissae
1317 2106 1349 2148 L
1368 2120 1521 2149 istan
1556 2110 1596 2147 de
1624 2108 1752 2147 variol.
1797 2107 1874 2161 (ad

293 2173 371 2204 not.
411 2164 495 2217 m).

354 2224 391 2263 P.
426 2238 488 2273 50.
538 2225 669 2266 Homo
696 2233 792 2276 646
815 2228 897 2267 libr.
932 2226 1058 2276 Journ.
1088 2229 1128 2268 de
1157 2228 1425 2269 medec.T11.
1457 2239 1558 2275 ¹²·4·
1590 2229 1627 2266 ἃ,
1657 2235 1750 2273 800
1781 2227 1869 2266 ibid

290 2291 529 2331 ann.1760
564 2299 614 2325 m
641 2285 714 2338 jul.

352 2342 393 2384 L
426 2344 481 2385 11
511 2358 546 2398 Ρ
582 2356 645 2397 53
679 2346 725 2390 In
750 2348 967 2391 animalibus
995 2349 1202 2392 minoribus
1239 2349 1277 2389 δι
1309 2349 1528 2402 imperfectis
1555 2360 1668 2401 pauca
1693 2345 1772 2387 vasa
1801 2344 1871 2385 effe

1699 2407 1867 2458 reperio,
