1955 2732
324 139 406 176 402
815 125 909 163 ΜΒ.
932 124 1080 163 XXIX.
1142 124 1170 163 F
1200 124 1228 164 E
1257 125 1292 164 T
1322 124 1358 163 u
1387 125 1419 164 S.

442 233 605 280 Quaestio
632 245 678 270 eo
705 232 799 270 redit
818 261 827 275 ,
860 233 915 269 uti
937 231 1057 281 pullus
1080 232 1299 280 gallinaceus
1320 261 1329 275 ,
1363 231 1426 270 sub
1448 232 1576 269 ultima
1596 240 1762 283 tempora
1786 235 1889 274 incu-

327 292 486 329 bationis
505 319 513 332 ‚
551 288 724 337 respirat,
757 290 793 326 ἃς
827 290 920 338 pipit
940 317 951 330 ‚
984 301 1029 326 an
1052 288 1204 337 perinde
1232 289 1277 326 de
1312 289 1389 326 fetu
1418 289 1579 326 hominis
1598 317 1608 331 ‚
1642 299 1703 328 aut
1732 291 1890 340 quadru-

329 348 431 398 pedis
452 375 462 390 ‚
500 344 607 395 possit
635 345 827 394 exspeeiari
845 372 856 387 ‚
889 357 974 383 eum
993 372 1002 388 ,
1036 344 1099 382 sub
1122 345 1249 383 ultima
1270 343 1437 394 tempora
1456 346 1686 394 gestationis,
1705 347 1887 397 respirare,

331 405 482 442 demum
508 402 638 449 vagire.

448 482 612 531 Oportet
636 488 757 518 autem
776 509 786 524 ,
813 493 860 518 ne
886 488 1016 531 praeter
1041 494 1170 519 verum
1192 481 1360 530 analogia
1380 488 1524 520 utamur
1544 510 1553 525 ‚
1588 494 1778 520 removere
1801 483 1891 532 pulli

337 539 560 589 exemplum.
599 537 633 575 Is
658 538 756 574 enirn
778 538 816 574 in
843 550 916 575 ovo
944 539 1089 586 integro
1106 567 1115 581 ,
1147 544 1189 577 ut
1206 540 1295 587 saepe
1316 537 1412 580 vidi,
1445 540 1538 576 circa
1554 537 1591 584 a)
1617 550 1678 576 20.
1705 539 1802 575 diem
1820 541 1892 577 uti-

338 609 409 646 que
433 595 602 643 respirat,
636 594 751 642 pipit‚
788 593 937 631 demum
958 595 1175 643 pulmonem
1192 595 1294 632 suum
1318 596 1367 631 ita
1392 602 1527 637 mutat,
1557 602 1598 633 ut
1618 595 1771 632 natatilis
1789 595 1887 640 sith).

337 653 426 690 Non
446 651 530 688 inde
551 653 730 688 continuo
748 649 890 688 admitti
908 652 1045 700 potest,
1071 651 1196 688 fimilia
1216 651 1262 688 de
1281 650 1357 688 fetu
1374 650 1537 689 humano
1559 651 1630 689 dici
1650 650 1759 700 posse.

450 732 572 770 Pullus
601 732 700 769 enim
729 733 768 769 in
802 743 876 769 ovo
897 761 906 775 ,
942 732 1042 782 quod
1078 735 1262 781 integrum
1296 731 1467 773 videtur,
1500 733 1589 770 aeris
1618 739 1740 770 tamen
1773 732 1893 780 potest

336 789 479 828 usuram
516 788 655 826 habere.
717 787 758 825 Id
788 790 885 827 enim
913 788 1133 827 elementum
1155 817 1164 831 ,
1208 802 1273 838 per
1308 790 1513 826 innumeras
1547 790 1619 825 vias
1655 800 1674 825 a
1709 787 1889 826 Bssiimo

337 846 428 883 olim
449 873 459 887 ,
495 844 626 881 deinde
654 856 673 881 a
701 845 825 882 nostro
852 847 971 882 amico
992 844 1230 883 Bssnrmcro
1255 846 1469 882 Srffinssim
1489 844 1546 887 c),
1572 851 1655 894 apte
1671 844 1892 881 demonstra-

336 911 410 944 tas,
431 903 468 937 in
491 912 604 937 ovum
625 901 734 939 venit.
779 900 947 944 Deinde,
975 900 1039 938 sub
1067 902 1178 938 fiiem
1204 903 1241 938 in
1228 902 1477 943 cubationis,
1511 901 1699 938 consumta
1726 900 1775 937 est
1800 911 1892 949 aqua

335 959 472 999 amnii,
508 956 672 1005 nihilque
698 957 876 1005 impedit,
909 959 1020 1006 quin,
1057 959 1129 1005 jam
1163 965 1251 1025 tunc
1286 958 1379 995 duro
1418 957 1566 1001 rostro,
1601 957 1637 994 &
1670 956 1893 994 confirmatis

336 1013 494 1062 ungulis,
509 1014 660 1050 amnion
677 1012 717 1057 d)
743 1013 960 1051 laceraverit.

446 1093 621 1143 Denique
643 1094 872 1131 manifestum
894 1095 943 1131 est
965 1096 1074 1131 etiam
1096 1096 1133 1131 in
1154 1094 1256 1142 pullo
1272 1123 1281 1136 ‚
1318 1095 1382 1144 qui
1402 1093 1554 1131 hiaverit
1568 1122 1578 1136 ,
1604 1105 1683 1131 non
1711 1094 1891 1131 continuo

336 1151 553 1200 pulmonem
584 1157 748 1187 naturam
777 1152 1005 1199 compaciam
1032 1159 1198 1188 amittere
1228 1179 1238 1193 ,
1283 1163 1402 1200 neque
1429 1159 1549 1187 natare
1569 1149 1601 1194 e)
1624 1179 1633 1192 ‚
1669 1162 1788 1199 neque
1827 1149 1893 1186 sta-

338 1210 404 1245 tim
433 1236 441 1248 ‚
476 1208 583 1243 etiam
616 1219 695 1243 acre
727 1206 877 1244 admisso
912 1207 1054 1256 pullum
1078 1205 1302 1255 clamares).
1365 1206 1514 1244 Omitto
1546 1207 1608 1243 ovi
1639 1206 1765 1244 testam
1793 1203 1894 1254 poffe

337 1263 446 1300 fiffam
461 1263 505 1310 g)
525 1262 626 1300 fuisse
642 1290 651 1304 ,
684 1270 725 1300 ut
749 1264 901 1300 minime
931 1271 1013 1301 ante
1039 1263 1286 1301 exclusionem
1301 1275 1433 1301 «rarum
1459 1263 1507 1300 est
1525 1290 1537 1305 ‚
1568 1271 1786 1312 ruptamque
1805 1269 1894 1298 tunc

337 1320 588 1356 membranam
606 1319 655 1363 h).

450 1399 598 1437 Deinde
620 1401 728 1437 etiam
746 1399 937 1438 robustum
959 1400 1096 1442 fetum,
1120 1400 1156 1436 &
1181 1401 1245 1449 qui
1263 1412 1381 1437 aerem
1404 1399 1524 1437 nastus
1549 1400 1730 1436 continuo
1746 1398 1896 1447 respiret

339 1455 543 1504 clametque
561 1484 569 1497 ‚
602 1463 723 1492 tamen
744 1456 836 1492 intra
856 1463 1001 1493 uterum
1023 1457 1060 1492 in
1078 1455 1196 1494 clauso
1219 1456 1318 1493 sacco
1340 1455 1486 1498 versari,
1508 1457 1618 1504 inque
1636 1456 1764 1492 mediis
1781 1456 1894 1503 aquis,

451 1535 605 1584 Vagitus
631 1537 794 1573 uterinos
811 1565 821 1578 ‚
853 1535 879 1573 fi
899 1549 980 1573 vere
1001 1537 1196 1585 aliquando
1220 1536 1301 1573 sunt
1323 1536 1505 1579 exauditi,
1537 1536 1704 1573 videntur
1734 1535 1894 1584 peculia-

339 1604 417 1630 rem
440 1592 588 1641 poscere
613 1592 759 1635 casum,
792 1593 830 1628 in
856 1604 931 1641 quo
967 1594 1185 1630 membranae
1219 1592 1368 1641 quidem
1401 1601 1516 1641 ruptae
1549 1591 1614 1629 lint
1637 1621 1646 1634 ‚
1680 1591 1781 1641 quod
1817 1603 1898 1628 non

339 1649 587 1697 infrequenter
614 1656 696 1685 ante
727 1656 871 1696 partum
893 1648 932 1686 fit
951 1648 979 1691 i)
998 1677 1007 1691 ,
1042 1650 1078 1686 δι
1107 1655 1325 1698 perpetuum
1351 1649 1400 1686 est
1434 1651 1470 1685 in
1497 1655 1600 1697 partu
1626 1649 1741 1696 longo
1774 1649 1809 1684 &
1845 1647 1897 1684 la-

338 1705 484 1742 borioso
502 1733 512 1747 ,
546 1706 583 1741 in
609 1706 712 1752 cujus
733 1705 914 1754 principio
935 1716 1034 1754 aquae
1056 1705 1274 1742 effluxerunt
1292 1732 1302 1747 ,
1337 1706 1373 1742 ἃ
1391 1706 1430 1742 in
1456 1717 1531 1756 quo
1560 1704 1676 1742 nihilo
1698 1705 1810 1742 secius
1831 1703 1896 1740 ali-

340 1767 433 1825 qxaet
461 1761 543 1809 post
568 1760 644 1798 dies
671 1761 764 1798 fetus
789 1760 909 1798 adhuc
926 1761 1041 1798 vitalis
1064 1761 1233 1811 sequitur.

453 1841 489 1878 Si
514 1842 584 1878 aeri
607 1841 722 1879 modo
744 1841 898 1879 accessus
921 1842 1024 1879 datus
1052 1842 1160 1880 fuerit
1181 1870 1190 1884 ,
1225 1843 1260 1878 &
1283 1849 1452 1890 praeterea
1474 1850 1582 1892 caput
1599 1854 1643 1880 eo
1664 1833 1782 1878 modo
1806 1851 1896 1877 con-

340 1897 478 1935 versum
507 1926 516 1939 ‚
549 1904 591 1934 ut
614 1909 732 1934 aerem
761 1898 805 1934 de
835 1900 963 1946 vagina
987 1898 1306 1948 habere-potuerit
1332 1926 1342 1941 ‚
1384 1897 1492 1947 poffit
1526 1898 1675 1936 demum
1703 1896 1808 1938 dari,
1841 1895 1895 1933 fe-

341 1960 420 1992 tum
444 1954 482 1990 &
509 1953 679 2003 respirare
708 1952 807 2005 poffe
834 1954 871 1991 δε
899 1955 1031 2004 vagire.

1706 2006 1896 2046 Rariffima

381 2077 413 2111 a)
436 2076 503 2107 Obs-
517 2085 584 2115 2570

380 2119 412 2153 h)
437 2119 471 2146 ³b.

379 2158 408 2191 c)
432 2158 605 2187 VALran.
618 2167 690 2195 oper.
697 2157 717 2187 Ι.
735 2167 761 2194 p.
769 2160 833 2193 366.
839 2156 895 2195 sqq.
910 2157 1041 2187 Indicum
1058 2164 1190 2195 penetrat
1207 2158 1237 2187 in
1254 2158 1300 2188 ovi
1320 2158 1456 2188 interiora
1467 2157 1598 2187 Lmen
1616 2159 1698 2187 alim.
1715 2156 1893 2194 T011·P·2130

381 2199 414 2231 ai)
436 2201 556 2228 format
583 2200 623 2227 du
638 2199 734 2235 perdet
750 2200 790 2228 II.
809 2207 837 2235 p.
857 2207 921 2237 393.
939 2198 1007 2227 adl.
1028 2208 1055 2236 p.
1074 2208 1142 2236 403.
1157 2209 1225 2234 404.

382 2239 409 2269 e)
433 2237 583 2271 0b1.2.58
606 2246 671 2273 259.
688 2242 755 2268 262,

378 2277 419 2315 j)
442 2277 509 2307 ibid.
528 2278 666 2315 imprimis
680 2283 747 2307 2.02
974 2282 990 2297 ⁸

378 2318 411 2353 g)
436 2317 539 2346 hissa
554 2318 570 2347 l.
587 2328 610 2347 c.
633 2320 761 2347 format.
779 2319 818 2346 dz
832 2318 925 2354 [ic-alet
940 2319 961 2347 l.
980 2317 1036 2347 obs.
1056 2322 1124 2349 262.

383 2358 415 2386 lm
440 2358 616 2393 YAL18N133.
636 2359 734 2389 Giorn.
750 2359 781 2386 di
796 2356 987 2395 l‹·tter.filppl.
1004 2360 1060 2388 HI.
1077 2368 1106 2395 p,
1127 2367 1192 2397 143.

387 2407 417 2433 1)
441 2407 468 2434 p.
494 2406 560 2427 212.
