1955 2732
305 110 395 147 ³20?
552 100 669 146 LIB.
704 100 854 143 XXX,
890 101 1067 144 'VITA
1108 101 1386 145 HUMANA
1417 94 1495 144 ET
1537 102 1731 147 MORS„

307 203 492 254 superstite
511 201 622 240 Semo
636 230 645 245 ‚
681 202 745 251 qui
775 206 858 238 ante
886 199 1065 238 diluvium
1093 206 1199 239 natus
1219 209 1295 239 erat
1309 229 1319 244 ‚
1355 201 1384 239 A
1406 213 1427 239 B
1447 213 1472 239 R
1493 213 1517 238 A
1537 213 1565 238 n
1585 213 1608 239 Α
1630 213 1661 239 Μ
1679 213 1704 239 u
1724 214 1739 240 s
1771 201 1861 240 vixit
1875 226 1887 242 9

309 266 373 314 qui
402 263 463 300 sex
492 262 576 299 solis
609 264 711 298 annis
739 259 828 310 JEN
845 271 935 297 er
954 270 1025 297 811
1053 272 1170 297 annos
1193 260 1380 309 superavit.
1429 261 1520 300 Non
1548 262 1667 310 potest
1699 261 1790 299 adeo
1811 261 1888 299 haec

309 321 539 372 infigniffima
562 322 602 358 in
636 323 707 359 vita
739 320 898 357 humana
938 319 1156 362 diminutio,
1190 319 1256 358 nisi
1280 322 1320 358 in
1354 320 1494 360 diluvio
1523 320 1662 359 causam
1702 319 1801 359 suam
1826 320 1888 358 ha-

310 382 433 421 buiil'e.
1234 387 1237 389 ’

369 442 534 480 Multum
567 439 738 489 equidem
770 438 909 477 telluris
946 439 1052 476 facies
1087 446 1224 478 mutata
1254 440 1312 478 est.
1348 439 1472 480 Pluvia
1501 440 1730 490 supervenit,
1764 451 1886 482 nova,

309 512 405 541 certe
424 502 587 549 regioni,
624 501 660 535 in
689 510 760 547 qua
790 500 899 547 primi
929 499 1098 537 homiues
1132 500 1339 537 habitarunt
1357 528 1367 542 ,
1402 499 1577 550 siquidem
1611 511 1712 537 arcus
1745 499 1888 537 caelestis

309 575 409 600 nunc
424 563 586 610 primum
603 559 778 607 adparuit.
814 558 957 596 Cestius
979 558 1062 608 post
1080 558 1279 603 diluvium,
1302 561 1468 598 carnibus
1488 559 1699 598 animalium
1719 558 1888 597 homines

311 623 490 659 vixerunt.
541 618 683 656 Tenuia
711 616 788 655 haec
816 618 963 667 vestigia
987 629 1120 656 rerum.

371 681 489 721 Sunt,
524 680 588 728 qui
613 685 695 715 ante
718 677 898 714 diluvium
932 690 970 715 ea
994 690 1176 726 corpora,
1212 690 1258 716 ex
1287 679 1418 728 quibus
1444 679 1599 722 alimur,
1634 679 1755 716 minus
1783 677 1890 716 densa

311 743 388 791 (ιι)
420 738 776 785 fuiffeconjiciunt,
809 737 979 776 haetenus
1020 737 1210 776 certissima
1252 738 1505 776 observatione
1541 738 1679 786 adjuti,
1713 745 1888 780 montes,

312 791 390 852 ouo
427 808 595 848 tempore
630 796 809 833 diluvium
840 797 1010 835 testarum
1032 797 1202 835 cumulos
1221 797 1285 836 sub
1309 799 1350 835 iis
1379 798 1560 848 sepelivit,
1595 798 1726 836 molles
1758 795 1858 835 fuisse
1878 825 1889 840 ,

313 863 377 911 qui
405 860 557 908 figuram
587 858 801 904 corporum
823 854 1035 905 impressam
1061 857 1266 905 receperint
1293 869 1300 893 ε
1344 869 1422 894 non
1455 858 1558 907 quod
1582 858 1692 895 maria
1717 855 1893 906 Europaea

312 928 458 958 montes
491 916 690 965 Europaeos
732 914 987 953 deseruerint:
1037 927 1226 966 nunquam
1265 917 1364 953 enim
1398 929 1494 954 mare
1533 915 1713 956 Balticum
1742 915 1892 953 testacea

312 978 501 1019 animalia.
531 975 716 1026 plantasve
737 974 823 1012 solis
851 972 1065 1012 calidissimis
1089 975 1303 1024 regionibus
1324 978 1490 1026 proprias
1507 1005 1516 1019 ‚
1552 976 1643 1014 dum
1671 974 1890 1020 siccabatur,

313 1036 533 1089 reliquisset:
567 1034 626 1072 sed
647 1045 692 1072 ex
714 1033 825 1071 Indiae
843 1036 880 1071 δι
900 1036 1074 1072 Americae
1101 1036 1203 1072 terris
1224 1035 1400 1074 &insulis
1425 1036 1575 1084 plantae,
1609 1035 1794 1078 animalia,
1819 1046 1893 1072 ma-

314 1101 483 1147 riumque
511 1093 807 1133 meridionalium
829 1093 932 1132 testas
952 1095 992 1132 in
1011 1094 1124 1134 colles
1155 1095 1192 1133 &
1217 1103 1362 1134 montes
1383 1093 1560 1134 Helvetia:
1585 1095 1771 1144 congestas
1791 1093 1892 1133 fuisse

316 1158 545 1197 manifestum
575 1156 634 1193 est.

376 1218 476 1258 Alius
502 1217 598 1254 acuti
641 1216 780 1264 ingenii
805 1216 945 1262 juvenis
982 1213 1036 1264 (h
1054 1212 1071 1259 )
1101 1227 1196 1265 pene
1214 1215 1349 1254 eodem
1369 1216 1485 1254 modo
1506 1223 1589 1255 ante
1613 1214 1792 1253 diluvium
1811 1214 1893 1252 lon-

315 1292 363 1329 ge
388 1280 507 1316 minus
547 1282 648 1313 terrae
684 1276 722 1312 in
760 1275 883 1324 priscis
920 1274 1009 1313 cibis
1044 1274 1172 1314 fuiffe:
1206 1287 1275 1314 nos
1309 1278 1477 1315 carnibus
1505 1278 1545 1315 in
1574 1275 1708 1314 viuum
1738 1275 1892 1324 receptis

316 1337 488 1377 undecies
525 1334 605 1385 plus
640 1342 742 1372 terrae
766 1336 861 1372 inter
884 1334 1054 1372 alimenta
1083 1335 1273 1373 admittere
1300 1338 1456 1374 monuit.

376 1396 521 1434 Verum
548 1393 611 1431 etii
640 1393 750 1429 vieius
775 1394 985 1440 vegetabilis
1008 1394 1126 1442 aliqua
1147 1395 1198 1430 est
1225 1397 1484 1442 praerogativa,
1518 1402 1576 1432 tot
1605 1404 1726 1433 tamen
1745 1393 1892 1443 gentes,‘

301 1458 358 1495 -&
379 1454 549 1502 BenJ‘ani,
582 1452 714 1502 quibus
737 1463 777 1489 ea
803 1450 864 1489 lex
881 1450 976 1488 sacra
1007 1451 1056 1489 est
1069 1479 1080 1495 ,
1098 1451 1410 1491 antidiluvianam
1425 1453 1695 1503 longaevitatem
1710 1466 1790 1492 non
1806 1464 1895 1491 con-

300 1516 529 1566 sequuntur.

407 1572 549 1612 Mutata
576 1570 671 1609 forte
708 1568 851 1609 suntin
878 1569 1017 1610 diluvio
1054 1573 1203 1616 omnia,
1238 1584 1323 1617 aer,
1358 1575 1445 1612 anni
1479 1580 1669 1625 tempora.
1704 1575 1896 1618 meteoras’

321 1643 424 1675 terra.

377 1695 468 1733 Non
503 1692 595 1731 adeo
617 1697 739 1730 tamen
759 1703 824 1740 per
847 1692 976 1730 intima
1005 1699 1164 1731 mutata..
1216 1692 1313 1731 Nam
1349 1694 1481 1744 plantae
1510 1693 1642 1733 similes
1671 1693 1896 1733 antidiluvia-

318 1756 395 1798 nis,
430 1753 545 1803 pisces
571 1750 718 1789 eosdem
739 1778 749 1792 ,
785 1750 934 1789 testacea
959 1752 1125 1790 animalia
1155 1750 1335 1790 simillima
1363 1754 1529 1803 quotidie
1554 1766 1619 1803 per
1640 1755 1768 1792 itinera
1798 1754 1897 1792 dete·

319 1821 467 1863 guntur.
512 1810 603 1850 Non
630 1810 778 1848 fuerunt
806 1810 898 1847 olim
921 1811 1100 1848 molliora.
1142 1810 1330 1850 Habemus
1349 1812 1464 1863 spinas
1485 1813 1635 1862 piscium
1651 1841 1661 1856 ‚
1691 1814 1795 1852 testas
1821 1814 1897 1852 ani-

319 1873 471 1911 malium
490 1871 716 1908 marinorum
738 1867 895 1915 foffiles3
927 1869 1099 1908 omnibus
1124 1870 1274 1914 eadem,
1296 1883 1376 1920 quae
1395 1872 1520 1911 nostro
1538 1885 1636 1915 aevo,
1662 1873 1710 1910 est
1730 1871 1894 1910 denfitas.

381 1932 435 1970 Sit
465 1942 554 1980 ergo
574 1928 765 1979 problema
785 1958 793 1970 ‚
829 1930 879 1966 ob
899 1931 1119 1979 paucitatem
1147 1930 1318 1969 datorum
1342 1930 1544 1970 insolubile.
1580 1932 1683 1970 Nihil
1703 1938 1825 1971 autern
1843 1944 1897 1970 re-

318 1999 480 2043 pugmt,
503 1990 593 2040 quin
615 1988 855 2036 longaeviores
868 2017 877 2030 ,
896 2000 1006 2038 quam
1026 1989 1151 2027 nostro
1169 2001 1258 2033 aevo,
1284 1989 1453 2028 homines
1470 1991 1561 2030 olim
1577 1991 1678 2029 fuisse
1695 1992 1899 2042 potuerint.'

318 2051 515 2093 Psittacus,
549 2049 652 2095 cujus
679 2049 852 2090 memini,
875 2058 990 2085 annos
1015 2048 1120 2099 supra
1150 2061 1241 2087 100.
1270 2058 1393 2093 natus,
1432 2053 1608 2098 majorem
1632 2063 1701 2101 pro
1724 2054 1896 2102 portione

319 2111 521 2160 par-vitatis,
564 2110 602 2146 &
631 2106 766 2145 velocis
791 2108 1028 2153 incrementi,
1072 2108 1341 2159 longaevitatem
1373 2110 1573 2160 adtigerat,
1610 2122 1720 2162 quam
1747 2108 1896 2149 Mathu-

1773 2168 1866 2207 saleh
1882 2195 1894 2210 ,

419 2289 606 2367 {Burrum
632 2288 668 2319 Π.
687 2299 704 2327 p
732 2298 799 2323 572.

363 2287 408 2367 {ii
459 2329 585 2362 lloru.
610 2329 666 2362 aa.
689 2331 804 2363 Helzet.
836 2329 938 2362 12111.
963 2340 992 2370 p.
1010 2341 1078 2370 205-
