1955 2732
322 170 401 208 154
802 157 899 197 LIB.
930 156 1080 197 XXIX.
1139 156 1170 197 F
1196 157 1228 197 E
1254 157 1291 197 T
1318 157 1356 197 U
1382 158 1419 198 S.

707 268 743 313 §.
772 263 929 306 XXXI.
987 265 1036 303 In
1062 265 1286 305 Animalibus
1310 267 1500 315 vivipwis.

437 354 569 395 Solum
590 355 713 395 semen
741 357 952 400 masculum,
965 358 1004 394 in
1027 355 1096 395 hac
1117 355 1221 394 classe
1234 386 1245 401 ,
1277 358 1524 396 dormientem
1544 357 1755 408 embryonis
1773 359 1888 396 vitam

329 413 474 451 excitat.
532 413 630 451 Nam
646 414 780 451 animal
798 413 951 464 perinde
969 414 1133 463 concipit
1146 442 1157 456 ,
1189 413 1259 451 five
1278 427 1433 463 magnus
1452 413 1495 451 fit
1507 443 1517 457 ‚
1534 422 1577 453 ut
1594 416 1633 452 in
1651 426 1716 452 ave
1735 415 1834 453 calor
1850 416 1888 452 ἃ.

328 471 367 506 in
392 469 628 519 quadrupede
645 471 763 509 calido
777 499 788 513 ‚
822 470 895 507 five
920 472 1075 518 exiguus
1089 498 1101 513 ,
1131 477 1175 507 ut
1192 472 1231 507 in
1255 471 1472 508 salamandra
1484 500 1497 515 ,
1509 472 1644 521 vipera,
1661 471 1818 520 piscibus
1835 473 1890 510 vi-

328 527 460 576 viparis
476 555 487 569 ‚
515 528 580 576 qui
599 540 677 565 non
703 527 786 565 sunt
806 527 853 564 de
876 534 1044 564 cetorum
1063 538 1209 574 genere,

442 615 607 662 Quando
635 617 803 656 videmus
828 629 896 667 per
917 618 1083 666 integros
1107 615 1184 654 dies
1210 615 1302 654 nihil
1328 617 1367 653 in
1397 616 1598 666 embryone
1617 616 1790 667 adparere
1804 627 1891 655 mo-

328 673 358 711 ti
373 700 383 715 ‚
402 680 534 721 praeter
555 685 622 711 cor
640 670 683 721 a)
703 687 713 710 τ
743 675 781 711 &
802 675 953 724 quando
981 673 1074 723 pulli
1103 673 1326 711 incrementa
1348 673 1592 716 meditamur,
1622 686 1688 723 per
1711 673 1893 723 proauita>

329 729 522 767 manifesto
541 729 619 767 vasa
636 729 713 768 fieri
728 758 741 774 ‚
767 743 848 780 quae
866 731 946 768 vasa
969 731 1072 769 suum
1091 737 1238 768 motum
1257 742 1278 768 a
1300 730 1383 768 solo
1404 729 1516 767 corde
1529 730 1666 767 habent
1680 728 1743 776 h);
1774 741 1891 779 quan-

329 785 382 823 do
412 798 529 834 porro
556 794 723 824 naturam
748 787 958 825 irritabilem
987 787 1109 825 cordis
1134 788 1172 824 in
1192 793 1365 825 mentem
1381 798 1596 824 revocamus
1613 788 1647 831 c)
1663 814 1674 829 ‚
1709 786 1812 835 quod
1832 798 1892 824 ca-

331 842 436 884 lore,
463 849 527 880 aut
548 844 767 881 mechanico
787 845 1017 882 irritamento
1037 843 1210 882 facillime
1227 845 1266 880 in
1286 851 1434 881 motum
1456 842 1645 880 reducitur
1664 871 1673 885 ‚
1698 854 1776 892 quo
1797 849 1891 880 tem-

329 910 426 947 pore
452 910 574 947 neque
610 901 649 936 in
673 901 882 938 ventriculo
906 929 917 944 ,
949 912 1070 949 neque
1096 902 1134 937 in
1169 900 1340 938 intestino
1362 928 1373 943 ,
1402 911 1522 948 neque
1552 900 1590 936 in
1621 898 1701 936 ullo
1725 898 1894 937 musculo

332 954 550 991 irritabiIitas
575 955 619 999 d)
645 956 804 1006 superest
819 985 831 1000 ‚
855 957 1001 995 videtur
1026 957 1136 994 nobis
1159 955 1226 994 qu
1256 957 1375 1007 aliqua
1395 954 1583 1003 adfulgere
1606 983 1618 997 ,
1649 954 1695 992 ad
1718 954 1896 1004 indagan-

331 1009 417 1047 dam
442 1008 693 1050 difficillimam
717 1013 857 1051 causam
881 1015 971 1051 novi
990 1013 1206 1050 incrementi
1225 1014 1265 1050 in
1288 1013 1492 1062 embryone
1514 1011 1661 1061 sopito,
1681 1013 1747 1061 qui
1771 1011 1895 1050 multo

333 1075 525 1116 tempore,
558 1068 594 1104 δε
622 1068 720 1106 forte
747 1081 814 1118 per
836 1069 953 1107 secula
980 1069 1142 1106 dormiit.

445 1155 605 1194 Videtur
620 1167 756 1205 nempe
776 1156 968 1194 odorabile
986 1156 1078 1194 illud
1095 1185 1106 1199 ‚
1135 1162 1330 1205 penetrans
1347 1152 1415 1205 e),
1448 1156 1486 1194 &
1513 1155 1557 1194 ad
1581 1167 1753 1194 venerem
1786 1155 1894 1194 susci-

332 1218 435 1255 tans,
468 1211 570 1261 quod
607 1213 659 1249 est
679 1214 719 1250 in
748 1212 885 1250 semine
907 1213 1069 1251 masculo
1084 1241 1095 1256 ‚
1126 1210 1251 1261 corfj
1277 1214 1371 1251 fetus
1400 1213 1653 1252 vehementius
1677 1212 1859 1250 stimulare
1877 1240 1891 1255 ,

331 1275 375 1306 ut
404 1268 441 1306 &
467 1268 695 1318 frequentius
719 1269 758 1306 &
783 1270 900 1308 acrius
928 1269 1037 1307 sallat.
1099 1267 1147 1306 Et
1168 1269 1314 1307 videtur
1339 1281 1379 1306 ea
1402 1270 1568 1318 potentia
1599 1268 1782 1307 excitandi
1811 1280 1896 1306 cor-

333 1323 389 1362 dis
417 1325 457 1362 in·
484 1324 558 1363 sola
587 1337 627 1363 ea
652 1325 836 1363 subfaetida
861 1333 966 1376 parte
990 1325 1135 1363 seminis
1161 1324 1250 1363 effe:
1277 1327 1436 1362 omnino
1457 1331 1500 1362 ut
1519 1325 1600 1374 post
1617 1324 1773 1372 longam
1792 1336 1897 1374 para·

332 1379 425 1430 lyfin
449 1380 605 1419 musculi
625 1382 814 1431 paralytici
834 1395 901 1432 per
920 1383 1032 1421 istum
1061 1381 1215 1419 electrici
1226 1384 1273 1429 g)
1292 1381 1464 1419 elementi
1486 1381 1532 1419 ad
1553 1380 1694 1419 dudum
1715 1380 1897 1418 intermis-

334 1437 394 1475 sos
418 1444 544 1475 motus
560 1446 781 1476 revocantur
795 1467 806 1481 ,
835 1440 938 1489 quod
966 1439 1085 1476 solum
1109 1438 1147 1475 id
1172 1438 1396 1476 elementum
1418 1437 1465 1476 ad
1489 1436 1754 1477 excutiendum
1776 1444 1897 1475 veter-

334 1505 428 1531 num
447 1493 530 1531 latis
554 1506 635 1532 acre
662 1493 713 1532 fit.
774 1493 935 1533 Videtur
952 1507 1044 1532 vero
1069 1502 1113 1533 ut
1134 1496 1293 1543 partium
1310 1494 1352 1539 h)
1375 1496 1543 1544 corporis
1572 1494 1724 1532 humani
1759 1493 1896 1531 stimuli

334 1550 376 1588 in
398 1549 477 1587 aliis
498 1549 557 1587 alii
581 1550 689 1593 sunt,
718 1552 768 1588 ita
797 1551 915 1589 solum
940 1551 1060 1588 semen
1082 1550 1282 1589 masculum
1298 1550 1458 1599 ejusdem
1473 1551 1616 1599 generis
1639 1549 1685 1587 ad
1701 1549 1894 1587 corculum

335 1605 429 1644 fetus
440 1606 657 1643 irritandum
672 1613 800 1655 aptum
813 1606 880 1644 else
893 1607 1061 1645 :ursolus
1078 1606 1173 1644 odor
1181 1608 1340 1655 partium
1353 1607 1567 1656 genitalium
1578 1607 1721 1644 feminae
1736 1605 1895 1653 ejusdem

335 1663 478 1711 generis
500 1662 657 1710 genitale
673 1664 713 1699 in
740 1675 841 1700 mare
865 1665 1147 1701 instrumentum
1163 1664 1307 1701 excitat.
1367 1662 1472 1701 Idem
1495 1662 1645 1700 volatile
1669 1662 1896 1700 elementum

337 1718 383 1755 ad
408 1718 669 1756 resolvendum
699 1719 875 1757 viscidum
902 1721 964 1758 ovi
990 1720 1186 1757 humorem
1211 1726 1340 1768 aptum
1368 1719 1439 1757 effe
1458 1726 1628 1768 putatur,
1651 1719 1700 1756 ob
1729 1725 1896 1756 naturam

336 1774 573 1823 saponaceam
588 1774 631 1818 i).
689 1775 780 1813 Non
812 1776 892 1813 satis
927 1788 1016 1813 vero
1046 1783 1187 1812 certum
1215 1776 1291 1817 est,
1324 1787 1408 1813 eum
1436 1775 1633 1813 humorem
1659 1774 1799 1811 semine
1828 1772 1899 1812 effe

336 1831 589 1870 viscidiorem;
619 1832 658 1868 &
674 1830 875 1880 fimplicior
902 1832 955 1870 est
976 1831 1100 1870 cordis
1121 1832 1303 1875 irritatio,
1331 1831 1544 1882 faciliusque
1565 1831 1687 1869 subito
1708 1831 1835 1869 cietur*

1843 1940 1896 1978 Ita

378 2084 412 2161 23
432 2082 533 2155 {1qu
550 2063 725 2155 sponganeus
738 2085 842 2124 incipit
852 2083 1004 2124 hora17r,
1023 2088 1121 2118 Form.
1139 2085 1246 2125 dafit.
1255 2088 1299 2117 Π.
1311 2096 1338 2128 p·
1358 2095 1410 2124 49-

460 2148 464 2154 .
517 2148 523 2155 .
539 2135 558 2164 p
578 2136 616 2161 44
640 2149 646 2156 .

381 2166 409 2201 c)
431 2166 502 2196 ibid4
516 2175 545 2203 p.
563 2170 629 2200 465.
645 2165 704 2204 sqq.

381 2207 414 2242 d)
436 2206 535 2242 Nuper
552 2207 612 2235 vidi
630 2207 659 2235 in
671 2205 752 2243 pullo
766 2205 954 2244 &igidi‘ffimo-

380 2248 408 2279 e)
430 2245 461 2276 L.
476 2246 597 2276 XXVII.
613 2256 643 2284 p.
657 2257 670 2281 ς
681 2257 722 2283 ¹9»

375 2284 415 2360 [ξ
436 2286 529 2356 {3an
543 2286 577 2317 C,
592 2286 736 2356 Βοηωὲἶτ.
755 2290 904 2328 contempl.
914 2289 950 2319 de
963 2290 994 2320 la
1005 2295 1108 2320 natur.
1118 2288 1140 2320 Ι.
1156 2299 1187 2328 ρ.
1202 2291 1268 2327 ¹⁶9·
1283 2290 1321 2321 ib.
1333 2286 1413 2327 pras.
1426 2297 1455 2326 p.
1469 2297 1536 2318 xvr.
1551 2296 1617 2317 xxx.
1631 2295 1683 2317 n.

379 2335 398 2363 g
458 2346 492 2355 ,Α
526 2336 664 2363 .p.553.
715 2336 738 2355 c.

381 2366 414 2401 h)
437 2366 531 2396 LXI.
548 2375 653 2404 p-575.
672 2370 737 2403 576-

389 2406 415 2441 i)
436 2406 844 2446 Sauvasrsplffolperg.
