<?xml version="1.0" encoding="UTF-8"?>
<!DOCTYPE html PUBLIC "-//W3C//DTD XHTML 1.0 Transitional//EN"
    "http://www.w3.org/TR/xhtml1/DTD/xhtml1-transitional.dtd">
<html xmlns="http://www.w3.org/1999/xhtml" xml:lang="en" lang="en">
 <head>
  <title>
</title>
<meta http-equiv="Content-Type" content="text/html;charset=utf-8" />
  <meta name='ocr-system' content='tesseract 3.04.00' />
  <meta name='ocr-capabilities' content='ocr_page ocr_carea ocr_par ocr_line ocrx_word'/>
</head>
<body>
  <div class='ocr_page' id='page_1' title='image "./elementaphysiolo08hall_0139.png"; bbox 0 0 1955 2732; ppageno 0'>
   <div class='ocr_carea' id='block_1_1' title="bbox 264 107 1645 163">
    <p class='ocr_par' dir='ltr' id='par_1_1' title="bbox 264 107 1645 163">
     <span class='ocr_line' id='line_1_1' title="bbox 264 107 1645 163; baseline 0.001 -9"><span class='ocrx_word' id='word_1_1' title='bbox 264 115 427 154; x_wconf 79' lang='lat' dir='ltr'><em>SECT.</em></span> <span class='ocrx_word' id='word_1_2' title='bbox 459 114 510 152; x_wconf 82' lang='lat' dir='ltr'><strong>Il.</strong></span> <span class='ocrx_word' id='word_1_3' title='bbox 571 112 926 153; x_wconf 77' lang='lat' dir='ltr'>PRIMORDIA</span> <span class='ocrx_word' id='word_1_4' title='bbox 966 107 1124 153; x_wconf 84' lang='lat' dir='ltr'>NOVI</span> <span class='ocrx_word' id='word_1_5' title='bbox 1165 111 1468 154; x_wconf 75' lang='lat' dir='ltr'>ANIMALIS.</span> <span class='ocrx_word' id='word_1_6' title='bbox 1565 125 1645 163; x_wconf 55' lang='grc' dir='ltr'><strong>ως</strong></span> 
     </span>
    </p>
   </div>
   <div class='ocr_carea' id='block_1_2' title="bbox 85 221 1648 668">
    <p class='ocr_par' dir='ltr' id='par_1_2' title="bbox 85 221 1648 668">
     <span class='ocr_line' id='line_1_2' title="bbox 86 221 1645 273; baseline 0.001 -11"><span class='ocrx_word' id='word_1_7' title='bbox 86 230 231 262; x_wconf 82' lang='lat' dir='ltr'><strong>motum</strong></span> <span class='ocrx_word' id='word_1_8' title='bbox 243 221 349 260; x_wconf 85' lang='lat' dir='ltr'><strong>suum·</strong></span> <span class='ocrx_word' id='word_1_9' title='bbox 363 221 607 271; x_wconf 82' lang='lat' dir='ltr'><strong>subprimant‚</strong></span> <span class='ocrx_word' id='word_1_10' title='bbox 630 228 692 259; x_wconf 83' lang='lat' dir='ltr'><strong>aut</strong></span> <span class='ocrx_word' id='word_1_11' title='bbox 708 223 947 266; x_wconf 83' lang='lat' dir='ltr'><strong>continuent,</strong></span> <span class='ocrx_word' id='word_1_12' title='bbox 964 222 1147 261; x_wconf 87' lang='lat' dir='ltr'><strong>obstacula</strong></span> <span class='ocrx_word' id='word_1_13' title='bbox 1161 223 1298 261; x_wconf 81' lang='lat' dir='ltr'><strong>evitent</strong></span> <span class='ocrx_word' id='word_1_14' title='bbox 1314 251 1325 265; x_wconf 83' lang='lat'>.</span> <span class='ocrx_word' id='word_1_15' title='bbox 1361 222 1519 273; x_wconf 83' lang='lat' dir='ltr'><strong>denique</strong></span> <span class='ocrx_word' id='word_1_16' title='bbox 1549 224 1645 263; x_wconf 63' lang='lat' dir='ltr'><strong>fora:</strong></span> 
     </span>
     <span class='ocr_line' id='line_1_3' title="bbox 85 278 1646 330; baseline 0.001 -13"><span class='ocrx_word' id='word_1_17' title='bbox 85 292 171 318; x_wconf 86' lang='lat' dir='ltr'><strong>men</strong></span> <span class='ocrx_word' id='word_1_18' title='bbox 186 278 220 322; x_wconf 81' lang='grc' dir='ltr'><strong>ο)</strong></span> <span class='ocrx_word' id='word_1_19' title='bbox 238 287 409 328; x_wconf 68' lang='lat' dir='ltr'><strong>quaerant,</strong></span> <span class='ocrx_word' id='word_1_20' title='bbox 424 290 488 327; x_wconf 88' lang='lat' dir='ltr'><strong>per</strong></span> <span class='ocrx_word' id='word_1_21' title='bbox 507 278 609 327; x_wconf 89' lang='lat' dir='ltr'><strong>quod</strong></span> <span class='ocrx_word' id='word_1_22' title='bbox 625 290 670 315; x_wconf 82' lang='lat' dir='ltr'><strong>ex</strong></span> <span class='ocrx_word' id='word_1_23' title='bbox 685 278 806 327; x_wconf 87' lang='lat' dir='ltr'><strong>planta</strong></span> <span class='ocrx_word' id='word_1_24' title='bbox 826 279 884 316; x_wconf 80' lang='lat' dir='ltr'><strong>sua</strong></span> <span class='ocrx_word' id='word_1_25' title='bbox 895 279 1087 330; x_wconf 75' lang='lat' dir='ltr'>prodeant,</span> <span class='ocrx_word' id='word_1_26' title='bbox 1106 291 1185 329; x_wconf 83' lang='lat' dir='ltr'><strong>quae</strong></span> <span class='ocrx_word' id='word_1_27' title='bbox 1200 278 1265 317; x_wconf 84' lang='lat' dir='ltr'><strong>fibi</strong></span> <span class='ocrx_word' id='word_1_28' title='bbox 1280 291 1347 328; x_wconf 89' lang='lat' dir='ltr'><strong>pro</strong></span> <span class='ocrx_word' id='word_1_29' title='bbox 1366 287 1470 317; x_wconf 81' lang='lat' dir='ltr'><strong>utero</strong></span> <span class='ocrx_word' id='word_1_30' title='bbox 1491 281 1547 318; x_wconf 80' lang='lat' dir='ltr'><strong>est.</strong></span> <span class='ocrx_word' id='word_1_31' title='bbox 1584 281 1646 319; x_wconf 86' lang='lat' dir='ltr'><strong>Se-</strong></span> 
     </span>
     <span class='ocr_line' id='line_1_4' title="bbox 85 335 1647 385; baseline 0.001 -12"><span class='ocrx_word' id='word_1_32' title='bbox 85 338 182 374; x_wconf 73' lang='lat' dir='ltr'><strong>mina</strong></span> <span class='ocrx_word' id='word_1_33' title='bbox 214 338 323 372; x_wconf 83' lang='lat' dir='ltr'><strong>etiam</strong></span> <span class='ocrx_word' id='word_1_34' title='bbox 344 335 616 372; x_wconf 84' lang='lat' dir='ltr'><strong>frumentorum</strong></span> <span class='ocrx_word' id='word_1_35' title='bbox 640 363 649 377; x_wconf 93' lang='lat'><em>‚</em></span> <span class='ocrx_word' id='word_1_36' title='bbox 683 336 830 384; x_wconf 84' lang='lat' dir='ltr'><strong>quando</strong></span> <span class='ocrx_word' id='word_1_37' title='bbox 866 344 1035 385; x_wconf 70' lang='lat' dir='ltr'><strong>vegetare</strong></span> <span class='ocrx_word' id='word_1_38' title='bbox 1068 338 1315 385; x_wconf 81' lang='lat' dir='ltr'><strong>inceperunt,</strong></span> <span class='ocrx_word' id='word_1_39' title='bbox 1359 348 1422 385; x_wconf 82' lang='lat' dir='ltr'><strong>per</strong></span> <span class='ocrx_word' id='word_1_40' title='bbox 1449 336 1647 375; x_wconf 65' lang='lat' dir='ltr'><strong>humorem</strong></span> 
     </span>
     <span class='ocr_line' id='line_1_5' title="bbox 87 391 1647 441; baseline 0.001 -11"><span class='ocrx_word' id='word_1_41' title='bbox 87 399 258 440; x_wconf 81' lang='lat' dir='ltr'><strong>corrupta</strong></span> <span class='ocrx_word' id='word_1_42' title='bbox 272 393 344 439; x_wconf 77' lang='lat' dir='ltr'><strong>p),</strong></span> <span class='ocrx_word' id='word_1_43' title='bbox 376 403 507 440; x_wconf 86' lang='lat' dir='ltr'><strong>paucas</strong></span> <span class='ocrx_word' id='word_1_44' title='bbox 537 392 629 429; x_wconf 86' lang='lat' dir='ltr'><strong>intra</strong></span> <span class='ocrx_word' id='word_1_45' title='bbox 660 391 767 429; x_wconf 71' lang='lat' dir='ltr'><strong>horas</strong></span> <span class='ocrx_word' id='word_1_46' title='bbox 805 393 979 436; x_wconf 84' lang='lat' dir='ltr'><strong>animari,</strong></span> <span class='ocrx_word' id='word_1_47' title='bbox 1014 395 1064 431; x_wconf 91' lang='lat' dir='ltr'><strong>ita</strong></span> <span class='ocrx_word' id='word_1_48' title='bbox 1087 393 1183 430; x_wconf 86' lang='lat' dir='ltr'><strong>nasci</strong></span> <span class='ocrx_word' id='word_1_49' title='bbox 1212 392 1386 441; x_wconf 76' lang='lat' dir='ltr'><strong>anguillas</strong></span> <span class='ocrx_word' id='word_1_50' title='bbox 1417 393 1546 431; x_wconf 82' lang='lat' dir='ltr'>hordei</span> <span class='ocrx_word' id='word_1_51' title='bbox 1571 406 1647 432; x_wconf 91' lang='lat' dir='ltr'><strong>car-</strong></span> 
     </span>
     <span class='ocr_line' id='line_1_6' title="bbox 85 447 1647 495; baseline 0.001 -9"><span class='ocrx_word' id='word_1_52' title='bbox 85 449 228 488; x_wconf 73' lang='lat' dir='ltr'><strong>bonarii</strong></span> <span class='ocrx_word' id='word_1_53' title='bbox 243 448 291 495; x_wconf 77' lang='lat' dir='ltr'><strong>q),</strong></span> <span class='ocrx_word' id='word_1_54' title='bbox 325 448 379 485; x_wconf 73' lang='lat' dir='ltr'><strong>Ex</strong></span> <span class='ocrx_word' id='word_1_55' title='bbox 403 448 534 485; x_wconf 86' lang='lat' dir='ltr'><strong>eodem</strong></span> <span class='ocrx_word' id='word_1_56' title='bbox 562 447 704 485; x_wconf 75' lang='lat' dir='ltr'><strong>hordeo</strong></span> <span class='ocrx_word' id='word_1_57' title='bbox 734 448 786 486; x_wconf 73' lang='lat'>(31.</span> <span class='ocrx_word' id='word_1_58' title='bbox 817 449 1082 487; x_wconf 57' lang='lat' dir='ltr'><strong>AagAHAMUM</strong></span> <span class='ocrx_word' id='word_1_59' title='bbox 1104 450 1329 487; x_wconf 54' lang='lat' dir='ltr'><strong>&#39;samaim</strong></span> <span class='ocrx_word' id='word_1_60' title='bbox 1350 449 1386 494; x_wconf 80' lang='lat' dir='ltr'><strong>r)</strong></span> <span class='ocrx_word' id='word_1_61' title='bbox 1410 450 1445 486; x_wconf 67' lang='grc' dir='ltr'><strong>δε</strong></span> <span class='ocrx_word' id='word_1_62' title='bbox 1468 450 1647 489; x_wconf 84' lang='lat' dir='ltr'><strong>filamenta</strong></span> 
     </span>
     <span class='ocr_line' id='line_1_7' title="bbox 86 503 1644 552; baseline 0.001 -9"><span class='ocrx_word' id='word_1_63' title='bbox 86 514 169 543; x_wconf 73' lang='lat' dir='ltr'><strong>nata</strong></span> <span class='ocrx_word' id='word_1_64' title='bbox 198 503 341 547; x_wconf 61' lang='lat' dir='ltr'><strong>vidilse,</strong></span> <span class='ocrx_word' id='word_1_65' title='bbox 376 506 412 541; x_wconf 65' lang='lat' dir='ltr'><strong>Sc</strong></span> <span class='ocrx_word' id='word_1_66' title='bbox 441 510 565 541; x_wconf 84' lang='lat' dir='ltr'><strong>motos</strong></span> <span class='ocrx_word' id='word_1_67' title='bbox 595 504 769 552; x_wconf 87' lang='lat' dir='ltr'><strong>globulos</strong></span> <span class='ocrx_word' id='word_1_68' title='bbox 787 533 796 548; x_wconf 86' lang='lat'><strong>,</strong></span> <span class='ocrx_word' id='word_1_69' title='bbox 831 507 867 542; x_wconf 75' lang='grc' dir='ltr'><strong>δε</strong></span> <span class='ocrx_word' id='word_1_70' title='bbox 886 505 1011 544; x_wconf 85' lang='lat' dir='ltr'><strong>fimilia</strong></span> <span class='ocrx_word' id='word_1_71' title='bbox 1040 507 1135 544; x_wconf 83' lang='lat' dir='ltr'><strong>nasci</strong></span> <span class='ocrx_word' id='word_1_72' title='bbox 1158 518 1203 543; x_wconf 83' lang='lat' dir='ltr'><strong>ex</strong></span> <span class='ocrx_word' id='word_1_73' title='bbox 1232 506 1334 544; x_wconf 86' lang='lat' dir='ltr'><strong>secali</strong></span> <span class='ocrx_word' id='word_1_74' title='bbox 1359 506 1644 551; x_wconf 66' lang='lat' dir='ltr'><strong>corniculatosl,</strong></span> 
     </span>
     <span class='ocr_line' id='line_1_8' title="bbox 86 560 1647 611; baseline 0.002 -12"><span class='ocrx_word' id='word_1_75' title='bbox 86 574 166 611; x_wconf 83' lang='lat' dir='ltr'><strong>quae</strong></span> <span class='ocrx_word' id='word_1_76' title='bbox 189 562 352 609; x_wconf 84' lang='lat' dir='ltr'><strong>primum</strong></span> <span class='ocrx_word' id='word_1_77' title='bbox 374 560 528 609; x_wconf 85' lang='lat' dir='ltr'><strong>gradum</strong></span> <span class='ocrx_word' id='word_1_78' title='bbox 553 560 734 598; x_wconf 82' lang='lat' dir='ltr'><strong>vitalitatis</strong></span> <span class='ocrx_word' id='word_1_79' title='bbox 756 561 946 610; x_wconf 83' lang='lat' dir='ltr'><strong>adtingant</strong></span> <span class='ocrx_word' id='word_1_80' title='bbox 965 562 1006 606; x_wconf 78' lang='lat' dir='ltr'><strong>t).</strong></span> <span class='ocrx_word' id='word_1_81' title='bbox 1067 562 1109 601; x_wconf 87' lang='lat' dir='ltr'><strong>In</strong></span> <span class='ocrx_word' id='word_1_82' title='bbox 1138 575 1182 600; x_wconf 90' lang='lat' dir='ltr'><strong>eo</strong></span> <span class='ocrx_word' id='word_1_83' title='bbox 1209 564 1330 611; x_wconf 82' lang='lat' dir='ltr'><strong>primo</strong></span> <span class='ocrx_word' id='word_1_84' title='bbox 1353 563 1468 611; x_wconf 82' lang='lat' dir='ltr'><strong>gradu</strong></span> <span class='ocrx_word' id='word_1_85' title='bbox 1482 565 1563 601; x_wconf 78' lang='lat' dir='ltr'><strong>vitae</strong></span> <span class='ocrx_word' id='word_1_86' title='bbox 1581 564 1647 603; x_wconf 77' lang='lat' dir='ltr'><strong>alia</strong></span> 
     </span>
     <span class='ocr_line' id='line_1_9' title="bbox 86 617 1648 668; baseline 0.001 -13"><span class='ocrx_word' id='word_1_87' title='bbox 86 617 301 655; x_wconf 79' lang='lat' dir='ltr'>animalcula</span> <span class='ocrx_word' id='word_1_88' title='bbox 331 617 532 666; x_wconf 81' lang='lat' dir='ltr'><strong>spontaneo</strong></span> <span class='ocrx_word' id='word_1_89' title='bbox 563 624 670 655; x_wconf 83' lang='lat' dir='ltr'><strong>motu</strong></span> <span class='ocrx_word' id='word_1_90' title='bbox 696 620 865 661; x_wconf 85' lang='lat' dir='ltr'><strong>moveri,</strong></span> <span class='ocrx_word' id='word_1_91' title='bbox 897 618 964 656; x_wconf 89' lang='lat' dir='ltr'><strong>alia</strong></span> <span class='ocrx_word' id='word_1_92' title='bbox 989 621 1167 662; x_wconf 87' lang='lat' dir='ltr'><strong>minime,</strong></span> <span class='ocrx_word' id='word_1_93' title='bbox 1201 631 1281 668; x_wconf 81' lang='lat' dir='ltr'><strong>quae</strong></span> <span class='ocrx_word' id='word_1_94' title='bbox 1311 619 1427 657; x_wconf 89' lang='lat' dir='ltr'><strong>modo</strong></span> <span class='ocrx_word' id='word_1_95' title='bbox 1461 621 1648 658; x_wconf 77' lang='lat' dir='ltr'><strong>celerrime</strong></span> 
     </span>
    </p>
   </div>
   <div class='ocr_carea' id='block_1_3' title="bbox 84 673 1648 776">
    <p class='ocr_par' dir='ltr' id='par_1_3' title="bbox 84 673 1648 776">
     <span class='ocr_line' id='line_1_10' title="bbox 84 673 1648 723; baseline 0.003 -12"><span class='ocrx_word' id='word_1_96' title='bbox 84 680 303 711; x_wconf 82' lang='lat' dir='ltr'><strong>moveantur</strong></span> <span class='ocrx_word' id='word_1_97' title='bbox 324 701 333 715; x_wconf 86' lang='lat'>‚</span> <span class='ocrx_word' id='word_1_98' title='bbox 366 673 481 711; x_wconf 89' lang='lat' dir='ltr'><strong>modo</strong></span> <span class='ocrx_word' id='word_1_99' title='bbox 511 673 722 717; x_wconf 67' lang='lat' dir='ltr'><strong>lenfflssime,</strong></span> <span class='ocrx_word' id='word_1_100' title='bbox 757 687 836 723; x_wconf 81' lang='lat' dir='ltr'><strong>quae</strong></span> <span class='ocrx_word' id='word_1_101' title='bbox 859 675 1010 713; x_wconf 87' lang='lat' dir='ltr'><strong>demum</strong></span> <span class='ocrx_word' id='word_1_102' title='bbox 1033 678 1141 715; x_wconf 88' lang='lat' dir='ltr'><strong>unice</strong></span> <span class='ocrx_word' id='word_1_103' title='bbox 1165 675 1338 714; x_wconf 75' lang='lat' dir='ltr'><strong>oscillent.</strong></span> <span class='ocrx_word' id='word_1_104' title='bbox 1400 674 1450 714; x_wconf 89' lang='lat' dir='ltr'><strong>Ea</strong></span> <span class='ocrx_word' id='word_1_105' title='bbox 1481 677 1648 716; x_wconf 81' lang='lat' dir='ltr'><strong>claudere</strong></span> 
     </span>
     <span class='ocr_line' id='line_1_11' title="bbox 85 730 629 776; baseline 0.002 -9"><span class='ocrx_word' id='word_1_106' title='bbox 85 730 213 768; x_wconf 78' lang='lat' dir='ltr'><strong>seriem</strong></span> <span class='ocrx_word' id='word_1_107' title='bbox 241 738 375 767; x_wconf 77' lang='lat' dir='ltr'><strong>naturae</strong></span> <span class='ocrx_word' id='word_1_108' title='bbox 400 730 562 767; x_wconf 84' lang='lat' dir='ltr'><strong>animalis</strong></span> <span class='ocrx_word' id='word_1_109' title='bbox 577 731 629 776; x_wconf 79' lang='lat' dir='ltr'><strong>u).</strong></span> 
     </span>
    </p>
   </div>
   <div class='ocr_carea' id='block_1_4' title="bbox 85 810 1650 917">
    <p class='ocr_par' dir='ltr' id='par_1_4' title="bbox 85 810 1650 917">
     <span class='ocr_line' id='line_1_12' title="bbox 198 810 1650 868; baseline 0.004 -19"><span class='ocrx_word' id='word_1_110' title='bbox 198 810 288 849; x_wconf 89' lang='lat' dir='ltr'><strong>Inde</strong></span> <span class='ocrx_word' id='word_1_111' title='bbox 315 811 360 848; x_wconf 87' lang='lat' dir='ltr'><strong>ad</strong></span> <span class='ocrx_word' id='word_1_112' title='bbox 386 811 534 849; x_wconf 89' lang='lat' dir='ltr'><strong>succum</strong></span> <span class='ocrx_word' id='word_1_113' title='bbox 555 813 670 849; x_wconf 85' lang='lat' dir='ltr'><strong>carnis</strong></span> <span class='ocrx_word' id='word_1_114' title='bbox 693 813 794 850; x_wconf 76' lang='lat' dir='ltr'><strong>tostae</strong></span> <span class='ocrx_word' id='word_1_115' title='bbox 819 811 887 851; x_wconf 83' lang='lat' dir='ltr'><strong>effe</strong></span> <span class='ocrx_word' id='word_1_116' title='bbox 914 813 1146 863; x_wconf 84' lang='lat' dir='ltr'><strong>progreffum</strong></span> <span class='ocrx_word' id='word_1_117' title='bbox 1162 813 1215 859; x_wconf 82' lang='lat' dir='ltr'><strong>x).</strong></span> <span class='ocrx_word' id='word_1_118' title='bbox 1277 813 1335 853; x_wconf 81' lang='lat' dir='ltr'><strong>Ex</strong></span> <span class='ocrx_word' id='word_1_119' title='bbox 1356 827 1402 854; x_wconf 89' lang='lat' dir='ltr'><strong>eo</strong></span> <span class='ocrx_word' id='word_1_120' title='bbox 1434 815 1492 854; x_wconf 88' lang='lat' dir='ltr'><strong>die</strong></span> <span class='ocrx_word' id='word_1_121' title='bbox 1516 824 1650 868; x_wconf 85' lang='lat' dir='ltr'><strong>quarto</strong></span> 
     </span>
     <span class='ocr_line' id='line_1_13' title="bbox 85 867 1142 917; baseline 0.003 -11"><span class='ocrx_word' id='word_1_122' title='bbox 85 867 301 906; x_wconf 70' lang='lat' dir='ltr'><strong>animalcula</strong></span> <span class='ocrx_word' id='word_1_123' title='bbox 326 881 409 906; x_wconf 89' lang='lat' dir='ltr'><strong>vere</strong></span> <span class='ocrx_word' id='word_1_124' title='bbox 433 868 634 917; x_wconf 85' lang='lat' dir='ltr'><strong>spontaneo</strong></span> <span class='ocrx_word' id='word_1_125' title='bbox 661 878 768 907; x_wconf 88' lang='lat' dir='ltr'><strong>motu</strong></span> <span class='ocrx_word' id='word_1_126' title='bbox 791 872 922 917; x_wconf 75' lang='lat' dir='ltr'><strong>agitata</strong></span> <span class='ocrx_word' id='word_1_127' title='bbox 957 880 1039 909; x_wconf 83' lang='lat' dir='ltr'><strong>nata</strong></span> <span class='ocrx_word' id='word_1_128' title='bbox 1064 870 1142 914; x_wconf 76' lang='lat' dir='ltr'><strong>elle,</strong></span> 
     </span>
    </p>
   </div>
   <div class='ocr_carea' id='block_1_5' title="bbox 85 949 1650 1228">
    <p class='ocr_par' dir='ltr' id='par_1_5' title="bbox 85 949 1650 1228">
     <span class='ocr_line' id='line_1_14' title="bbox 198 949 1650 1001; baseline 0.004 -14"><span class='ocrx_word' id='word_1_129' title='bbox 198 949 425 987; x_wconf 86' lang='lat' dir='ltr'><strong>Animalcula</strong></span> <span class='ocrx_word' id='word_1_130' title='bbox 445 950 709 1000; x_wconf 86' lang='lat' dir='ltr'><strong>microscopica</strong></span> <span class='ocrx_word' id='word_1_131' title='bbox 729 979 739 994; x_wconf 91' lang='lat'><strong>,</strong></span> <span class='ocrx_word' id='word_1_132' title='bbox 773 952 890 1001; x_wconf 77' lang='lat' dir='ltr'><strong>qualia</strong></span> <span class='ocrx_word' id='word_1_133' title='bbox 912 953 1003 990; x_wconf 62' lang='lat' dir='ltr'><strong>dieta</strong></span> <span class='ocrx_word' id='word_1_134' title='bbox 1020 953 1124 996; x_wconf 88' lang='lat' dir='ltr'><strong>sunt,</strong></span> <span class='ocrx_word' id='word_1_135' title='bbox 1159 951 1242 989; x_wconf 79' lang='lat' dir='ltr'><strong>alias</strong></span> <span class='ocrx_word' id='word_1_136' title='bbox 1273 951 1497 1001; x_wconf 66' lang='lat' dir='ltr'><strong>adstendere,</strong></span> <span class='ocrx_word' id='word_1_137' title='bbox 1530 956 1566 992; x_wconf 66' lang='grc' dir='ltr'><strong>δε</strong></span> <span class='ocrx_word' id='word_1_138' title='bbox 1588 969 1650 993; x_wconf 87' lang='lat' dir='ltr'><strong>ve-</strong></span> 
     </span>
     <span class='ocr_line' id='line_1_15' title="bbox 86 1005 1643 1058; baseline 0.004 -15"><span class='ocrx_word' id='word_1_139' title='bbox 86 1005 160 1049; x_wconf 82' lang='lat' dir='ltr'><strong>fei,</strong></span> <span class='ocrx_word' id='word_1_140' title='bbox 194 1007 231 1043; x_wconf 70' lang='grc' dir='ltr'><strong>δε</strong></span> <span class='ocrx_word' id='word_1_141' title='bbox 274 1006 319 1043; x_wconf 83' lang='lat' dir='ltr'><strong>ali</strong></span> <span class='ocrx_word' id='word_1_142' title='bbox 342 1034 351 1049; x_wconf 84' lang='lat'>‚</span> <span class='ocrx_word' id='word_1_143' title='bbox 395 1008 431 1044; x_wconf 83' lang='lat'>&amp;</span> <span class='ocrx_word' id='word_1_144' title='bbox 463 1006 545 1044; x_wconf 86' lang='lat' dir='ltr'><strong>suos</strong></span> <span class='ocrx_word' id='word_1_145' title='bbox 577 1014 700 1056; x_wconf 82' lang='lat' dir='ltr'><strong>partus</strong></span> <span class='ocrx_word' id='word_1_146' title='bbox 721 1036 730 1050; x_wconf 88' lang='lat'>‚</span> <span class='ocrx_word' id='word_1_147' title='bbox 763 1015 825 1046; x_wconf 83' lang='lat' dir='ltr'><strong>aut</strong></span> <span class='ocrx_word' id='word_1_148' title='bbox 854 1010 959 1047; x_wconf 84' lang='lat' dir='ltr'><strong>vivos</strong></span> <span class='ocrx_word' id='word_1_149' title='bbox 988 1010 1094 1048; x_wconf 87' lang='lat' dir='ltr'><strong>edere</strong></span> <span class='ocrx_word' id='word_1_150' title='bbox 1121 1038 1130 1053; x_wconf 90' lang='lat'><strong>,</strong></span> <span class='ocrx_word' id='word_1_151' title='bbox 1164 1017 1225 1047; x_wconf 88' lang='lat' dir='ltr'><strong>aut</strong></span> <span class='ocrx_word' id='word_1_152' title='bbox 1253 1009 1326 1058; x_wconf 80' lang='lat' dir='ltr'><strong>ipsa</strong></span> <span class='ocrx_word' id='word_1_153' title='bbox 1355 1011 1392 1046; x_wconf 92' lang='lat' dir='ltr'><strong>in</strong></span> <span class='ocrx_word' id='word_1_154' title='bbox 1424 1023 1486 1048; x_wconf 87' lang='lat' dir='ltr'><strong>eos</strong></span> <span class='ocrx_word' id='word_1_155' title='bbox 1521 1012 1643 1050; x_wconf 86' lang='lat' dir='ltr'><strong>dividi.</strong></span> 
     </span>
     <span class='ocr_line' id='line_1_16' title="bbox 87 1061 1644 1119; baseline 0.004 -19"><span class='ocrx_word' id='word_1_156' title='bbox 87 1061 173 1101; x_wconf 89' lang='lat' dir='ltr'><strong>Huc</strong></span> <span class='ocrx_word' id='word_1_157' title='bbox 201 1062 377 1111; x_wconf 72' lang='lat' dir='ltr'><strong>anguillas</strong></span> <span class='ocrx_word' id='word_1_158' title='bbox 410 1062 560 1111; x_wconf 83' lang='lat' dir='ltr'><strong>glutinis</strong></span> <span class='ocrx_word' id='word_1_159' title='bbox 594 1063 738 1100; x_wconf 86' lang='lat' dir='ltr'><strong>farinofi</strong></span> <span class='ocrx_word' id='word_1_160' title='bbox 778 1067 959 1113; x_wconf 85' lang='lat' dir='ltr'><strong>pertinere</strong></span> <span class='ocrx_word' id='word_1_161' title='bbox 981 1094 991 1108; x_wconf 86' lang='lat'>,</span> <span class='ocrx_word' id='word_1_162' title='bbox 1038 1067 1075 1104; x_wconf 68' lang='grc' dir='ltr'><strong>δε</strong></span> <span class='ocrx_word' id='word_1_163' title='bbox 1108 1066 1380 1115; x_wconf 77' lang='lat' dir='ltr'><strong>campanulatos</strong></span> <span class='ocrx_word' id='word_1_164' title='bbox 1393 1064 1442 1116; x_wconf 82' lang='lat' dir='ltr'><strong>y)</strong></span> <span class='ocrx_word' id='word_1_165' title='bbox 1475 1069 1644 1119; x_wconf 79' lang='lat' dir='ltr'><strong>polypos,</strong></span> 
     </span>
     <span class='ocr_line' id='line_1_17' title="bbox 85 1118 1647 1175; baseline 0.004 -19"><span class='ocrx_word' id='word_1_166' title='bbox 85 1119 165 1157; x_wconf 87' lang='lat' dir='ltr'><strong>Alia</strong></span> <span class='ocrx_word' id='word_1_167' title='bbox 190 1120 264 1166; x_wconf 85' lang='lat' dir='ltr'><strong>ejus</strong></span> <span class='ocrx_word' id='word_1_168' title='bbox 284 1120 427 1167; x_wconf 78' lang='lat' dir='ltr'><strong>generis</strong></span> <span class='ocrx_word' id='word_1_169' title='bbox 450 1118 664 1157; x_wconf 78' lang='lat' dir='ltr'><strong>animalcula</strong></span> <span class='ocrx_word' id='word_1_170' title='bbox 687 1118 904 1168; x_wconf 55' lang='lat' dir='ltr'><strong>deffendere,</strong></span> <span class='ocrx_word' id='word_1_171' title='bbox 933 1134 1002 1160; x_wconf 87' lang='lat' dir='ltr'><strong>nec</strong></span> <span class='ocrx_word' id='word_1_172' title='bbox 1018 1122 1198 1165; x_wconf 84' lang='lat' dir='ltr'><strong>crescere,</strong></span> <span class='ocrx_word' id='word_1_173' title='bbox 1230 1131 1350 1171; x_wconf 82' lang='lat' dir='ltr'><strong>neque</strong></span> <span class='ocrx_word' id='word_1_174' title='bbox 1366 1123 1458 1160; x_wconf 85' lang='lat' dir='ltr'><strong>fetus</strong></span> <span class='ocrx_word' id='word_1_175' title='bbox 1476 1129 1647 1175; x_wconf 83' lang='lat' dir='ltr'><strong>proprios</strong></span> 
     </span>
     <span class='ocr_line' id='line_1_18' title="bbox 85 1176 1475 1228; baseline 0.003 -16"><span class='ocrx_word' id='word_1_176' title='bbox 85 1187 232 1226; x_wconf 85' lang='lat' dir='ltr'><strong>parere,</strong></span> <span class='ocrx_word' id='word_1_177' title='bbox 266 1176 441 1224; x_wconf 84' lang='lat' dir='ltr'><strong>brevique</strong></span> <span class='ocrx_word' id='word_1_178' title='bbox 462 1177 580 1224; x_wconf 86' lang='lat' dir='ltr'><strong>perire</strong></span> <span class='ocrx_word' id='word_1_179' title='bbox 600 1204 609 1218; x_wconf 85' lang='lat'>‚</span> <span class='ocrx_word' id='word_1_180' title='bbox 644 1176 756 1225; x_wconf 88' lang='lat' dir='ltr'><strong>inque</strong></span> <span class='ocrx_word' id='word_1_181' title='bbox 785 1189 921 1215; x_wconf 85' lang='lat' dir='ltr'><strong>novam</strong></span> <span class='ocrx_word' id='word_1_182' title='bbox 952 1181 1224 1227; x_wconf 84' lang='lat' dir='ltr'><strong>vegetationem</strong></span> <span class='ocrx_word' id='word_1_183' title='bbox 1246 1178 1403 1228; x_wconf 83' lang='lat' dir='ltr'><strong>dispergi</strong></span> <span class='ocrx_word' id='word_1_184' title='bbox 1423 1179 1475 1223; x_wconf 71' lang='lat' dir='ltr'><strong>z).</strong></span> 
     </span>
    </p>
   </div>
   <div class='ocr_carea' id='block_1_6' title="bbox 86 1254 1648 1421">
    <p class='ocr_par' dir='ltr' id='par_1_6' title="bbox 86 1254 1648 1421">
     <span class='ocr_line' id='line_1_19' title="bbox 198 1254 1648 1311; baseline 0.003 -16"><span class='ocrx_word' id='word_1_185' title='bbox 198 1256 290 1295; x_wconf 90' lang='lat' dir='ltr'><strong>Non</strong></span> <span class='ocrx_word' id='word_1_186' title='bbox 314 1254 382 1293; x_wconf 82' lang='lat' dir='ltr'><strong>effe</strong></span> <span class='ocrx_word' id='word_1_187' title='bbox 405 1268 445 1293; x_wconf 88' lang='lat' dir='ltr'><strong>ea</strong></span> <span class='ocrx_word' id='word_1_188' title='bbox 467 1255 682 1294; x_wconf 86' lang='lat' dir='ltr'><strong>animalcula</strong></span> <span class='ocrx_word' id='word_1_189' title='bbox 705 1257 749 1294; x_wconf 83' lang='lat' dir='ltr'><strong>ab</strong></span> <span class='ocrx_word' id='word_1_190' title='bbox 773 1257 909 1297; x_wconf 66' lang='lat' dir='ltr'><strong>inseetis</strong></span> <span class='ocrx_word' id='word_1_191' title='bbox 931 1259 1120 1311; x_wconf 79' lang='lat' dir='ltr'><strong>aliquibus.</strong></span> <span class='ocrx_word' id='word_1_192' title='bbox 1165 1258 1262 1298; x_wconf 88' lang='lat' dir='ltr'><strong>Nam</strong></span> <span class='ocrx_word' id='word_1_193' title='bbox 1285 1260 1481 1298; x_wconf 83' lang='lat' dir='ltr'><strong>ebulliente</strong></span> <span class='ocrx_word' id='word_1_194' title='bbox 1504 1262 1537 1299; x_wconf 90' lang='lat' dir='ltr'><strong>se</strong></span> <span class='ocrx_word' id='word_1_195' title='bbox 1557 1275 1648 1311; x_wconf 83' lang='lat' dir='ltr'><strong>aqua</strong></span> 
     </span>
     <span class='ocr_line' id='line_1_20' title="bbox 86 1312 1648 1360; baseline 0.003 -9"><span class='ocrx_word' id='word_1_196' title='bbox 86 1312 194 1351; x_wconf 85' lang='lat' dir='ltr'><strong>usum</strong></span> <span class='ocrx_word' id='word_1_197' title='bbox 217 1312 286 1352; x_wconf 78' lang='lat' dir='ltr'><strong>esse</strong></span> <span class='ocrx_word' id='word_1_198' title='bbox 306 1312 343 1358; x_wconf 75' lang='lat' dir='ltr'><strong>a)</strong></span> <span class='ocrx_word' id='word_1_199' title='bbox 363 1342 372 1355; x_wconf 86' lang='lat'>‚</span> <span class='ocrx_word' id='word_1_200' title='bbox 408 1313 444 1349; x_wconf 73' lang='lat' dir='ltr'><strong>Sc</strong></span> <span class='ocrx_word' id='word_1_201' title='bbox 474 1317 593 1350; x_wconf 71' lang='lat' dir='ltr'><strong>aerem</strong></span> <span class='ocrx_word' id='word_1_202' title='bbox 623 1313 775 1351; x_wconf 87' lang='lat' dir='ltr'><strong>sollicite</strong></span> <span class='ocrx_word' id='word_1_203' title='bbox 802 1314 839 1360; x_wconf 78' lang='lat' dir='ltr'><strong>h)</strong></span> <span class='ocrx_word' id='word_1_204' title='bbox 868 1316 1060 1354; x_wconf 80' lang='lat' dir='ltr'><strong>exclufiffe.</strong></span> <span class='ocrx_word' id='word_1_205' title='bbox 1127 1316 1240 1355; x_wconf 83' lang='lat' dir='ltr'><strong>Addit</strong></span> <span class='ocrx_word' id='word_1_206' title='bbox 1263 1317 1319 1360; x_wconf 78' lang='lat' dir='ltr'><strong>Cl,</strong></span> <span class='ocrx_word' id='word_1_207' title='bbox 1351 1316 1489 1355; x_wconf 56' lang='lat' dir='ltr'><strong>Bima</strong></span> <span class='ocrx_word' id='word_1_208' title='bbox 1516 1318 1559 1355; x_wconf 83' lang='lat' dir='ltr'><strong>de</strong></span> <span class='ocrx_word' id='word_1_209' title='bbox 1585 1333 1648 1357; x_wconf 87' lang='lat' dir='ltr'><strong>an-</strong></span> 
     </span>
     <span class='ocr_line' id='line_1_21' title="bbox 87 1368 953 1421; baseline 0.002 -13"><span class='ocrx_word' id='word_1_210' title='bbox 87 1370 209 1419; x_wconf 88' lang='lat' dir='ltr'><strong>guillis</strong></span> <span class='ocrx_word' id='word_1_211' title='bbox 235 1370 339 1420; x_wconf 83' lang='lat' dir='ltr'><strong>pastae</strong></span> <span class='ocrx_word' id='word_1_212' title='bbox 369 1370 555 1407; x_wconf 83' lang='lat' dir='ltr'><strong>farinaceae</strong></span> <span class='ocrx_word' id='word_1_213' title='bbox 575 1398 585 1413; x_wconf 88' lang='lat'>‚</span> <span class='ocrx_word' id='word_1_214' title='bbox 617 1368 684 1407; x_wconf 85' lang='lat' dir='ltr'><strong>effe</strong></span> <span class='ocrx_word' id='word_1_215' title='bbox 712 1373 887 1421; x_wconf 83' lang='lat' dir='ltr'><strong>viviparas</strong></span> <span class='ocrx_word' id='word_1_216' title='bbox 908 1373 953 1417; x_wconf 84' lang='lat' dir='ltr'><strong>c).</strong></span> 
     </span>
    </p>
   </div>
   <div class='ocr_carea' id='block_1_7' title="bbox 91 1450 1647 1551">
    <p class='ocr_par' dir='ltr' id='par_1_7' title="bbox 91 1450 1647 1551">
     <span class='ocr_line' id='line_1_22' title="bbox 200 1450 1647 1505; baseline 0.003 -15"><span class='ocrx_word' id='word_1_217' title='bbox 200 1450 405 1490; x_wconf 89' lang='lat' dir='ltr'><strong>Animalem</strong></span> <span class='ocrx_word' id='word_1_218' title='bbox 425 1479 436 1492; x_wconf 84' lang='lat'><strong>,</strong></span> <span class='ocrx_word' id='word_1_219' title='bbox 471 1451 507 1488; x_wconf 86' lang='lat'>&amp;</span> <span class='ocrx_word' id='word_1_220' title='bbox 544 1452 784 1500; x_wconf 81' lang='lat' dir='ltr'><strong>vegetabilem</strong></span> <span class='ocrx_word' id='word_1_221' title='bbox 815 1453 1046 1492; x_wconf 84' lang='lat' dir='ltr'><strong>substantiam</strong></span> <span class='ocrx_word' id='word_1_222' title='bbox 1070 1450 1113 1505; x_wconf 80' lang='lat' dir='ltr'><strong>d)</strong></span> <span class='ocrx_word' id='word_1_223' title='bbox 1143 1454 1204 1492; x_wconf 86' lang='lat' dir='ltr'><strong>sua</strong></span> <span class='ocrx_word' id='word_1_224' title='bbox 1232 1456 1273 1492; x_wconf 66' lang='lat' dir='ltr'><strong>in‘</strong></span> <span class='ocrx_word' id='word_1_225' title='bbox 1305 1456 1448 1504; x_wconf 84' lang='lat' dir='ltr'><strong>origine</strong></span> <span class='ocrx_word' id='word_1_226' title='bbox 1484 1457 1647 1495; x_wconf 80' lang='lat' dir='ltr'><strong>eamdem</strong></span> 
     </span>
     <span class='ocr_line' id='line_1_23' title="bbox 91 1505 736 1551; baseline 0.002 -6"><span class='ocrx_word' id='word_1_227' title='bbox 91 1505 160 1546; x_wconf 82' lang='lat' dir='ltr'><strong>effe</strong></span> <span class='ocrx_word' id='word_1_228' title='bbox 176 1536 186 1551; x_wconf 94' lang='lat'>,</span> <span class='ocrx_word' id='word_1_229' title='bbox 218 1516 260 1546; x_wconf 92' lang='lat' dir='ltr'><strong>ut</strong></span> <span class='ocrx_word' id='word_1_230' title='bbox 284 1520 356 1546; x_wconf 83' lang='lat' dir='ltr'><strong>una</strong></span> <span class='ocrx_word' id='word_1_231' title='bbox 381 1509 420 1545; x_wconf 90' lang='lat' dir='ltr'><strong>in</strong></span> <span class='ocrx_word' id='word_1_232' title='bbox 450 1508 599 1545; x_wconf 81' lang='lat' dir='ltr'><strong>alteram</strong></span> <span class='ocrx_word' id='word_1_233' title='bbox 624 1509 736 1546; x_wconf 85' lang='lat' dir='ltr'><strong>abeat.</strong></span> 
     </span>
    </p>
   </div>
   <div class='ocr_carea' id='block_1_8' title="bbox 88 1588 1649 1754">
    <p class='ocr_par' dir='ltr' id='par_1_8' title="bbox 88 1588 1649 1754">
     <span class='ocr_line' id='line_1_24' title="bbox 198 1588 1648 1644; baseline 0.005 -18"><span class='ocrx_word' id='word_1_234' title='bbox 198 1588 290 1626; x_wconf 87' lang='lat' dir='ltr'><strong>Vim</strong></span> <span class='ocrx_word' id='word_1_235' title='bbox 317 1591 426 1627; x_wconf 86' lang='lat' dir='ltr'><strong>etiam</strong></span> <span class='ocrx_word' id='word_1_236' title='bbox 452 1590 646 1638; x_wconf 81' lang='lat' dir='ltr'><strong>vegetandi</strong></span> <span class='ocrx_word' id='word_1_237' title='bbox 670 1602 689 1627; x_wconf 92' lang='lat' dir='ltr'><strong>a</strong></span> <span class='ocrx_word' id='word_1_238' title='bbox 705 1591 739 1627; x_wconf 93' lang='lat' dir='ltr'><strong>vi</strong></span> <span class='ocrx_word' id='word_1_239' title='bbox 765 1591 863 1629; x_wconf 79' lang='lat' dir='ltr'><strong>vitali</strong></span> <span class='ocrx_word' id='word_1_240' title='bbox 885 1604 1015 1641; x_wconf 86' lang='lat' dir='ltr'><strong>parum</strong></span> <span class='ocrx_word' id='word_1_241' title='bbox 1042 1591 1215 1629; x_wconf 86' lang='lat' dir='ltr'><strong>diversam</strong></span> <span class='ocrx_word' id='word_1_242' title='bbox 1238 1591 1327 1636; x_wconf 86' lang='lat' dir='ltr'><strong>effe,</strong></span> <span class='ocrx_word' id='word_1_243' title='bbox 1360 1605 1446 1631; x_wconf 91' lang='lat' dir='ltr'><strong>cum</strong></span> <span class='ocrx_word' id='word_1_244' title='bbox 1466 1595 1510 1632; x_wconf 91' lang='lat' dir='ltr'><strong>de</strong></span> <span class='ocrx_word' id='word_1_245' title='bbox 1527 1598 1648 1644; x_wconf 81' lang='lat' dir='ltr'><strong>granis</strong></span> 
     </span>
     <span class='ocr_line' id='line_1_25' title="bbox 88 1645 1648 1698; baseline 0.004 -16"><span class='ocrx_word' id='word_1_246' title='bbox 88 1645 263 1683; x_wconf 77' lang='lat' dir='ltr'><strong>frumenti</strong></span> <span class='ocrx_word' id='word_1_247' title='bbox 290 1646 386 1683; x_wconf 85' lang='lat' dir='ltr'><strong>idem</strong></span> <span class='ocrx_word' id='word_1_248' title='bbox 401 1675 410 1689; x_wconf 88' lang='lat'>‚</span> <span class='ocrx_word' id='word_1_249' title='bbox 444 1646 546 1695; x_wconf 86' lang='lat' dir='ltr'><strong>quod</strong></span> <span class='ocrx_word' id='word_1_250' title='bbox 566 1648 603 1682; x_wconf 87' lang='lat' dir='ltr'><strong>in</strong></span> <span class='ocrx_word' id='word_1_251' title='bbox 623 1646 783 1695; x_wconf 80' lang='lat' dir='ltr'><strong>plantam</strong></span> <span class='ocrx_word' id='word_1_252' title='bbox 805 1647 923 1686; x_wconf 79' lang='lat' dir='ltr'><strong>fuisset</strong></span> <span class='ocrx_word' id='word_1_253' title='bbox 945 1649 1128 1686; x_wconf 87' lang='lat' dir='ltr'><strong>abiturum</strong></span> <span class='ocrx_word' id='word_1_254' title='bbox 1145 1677 1155 1691; x_wconf 88' lang='lat'>‚</span> <span class='ocrx_word' id='word_1_255' title='bbox 1190 1661 1289 1686; x_wconf 91' lang='lat' dir='ltr'><strong>nunc</strong></span> <span class='ocrx_word' id='word_1_256' title='bbox 1313 1661 1376 1698; x_wconf 90' lang='lat' dir='ltr'><strong>per</strong></span> <span class='ocrx_word' id='word_1_257' title='bbox 1404 1652 1560 1689; x_wconf 80' lang='lat' dir='ltr'><strong>nimium</strong></span> <span class='ocrx_word' id='word_1_258' title='bbox 1582 1652 1648 1690; x_wconf 75' lang='lat' dir='ltr'><strong>liu-</strong></span> 
     </span>
     <span class='ocr_line' id='line_1_26' title="bbox 90 1703 1649 1754; baseline 0.004 -14"><span class='ocrx_word' id='word_1_259' title='bbox 90 1714 233 1740; x_wconf 86' lang='lat' dir='ltr'><strong>morem</strong></span> <span class='ocrx_word' id='word_1_260' title='bbox 258 1704 296 1739; x_wconf 90' lang='lat' dir='ltr'><strong>in</strong></span> <span class='ocrx_word' id='word_1_261' title='bbox 316 1704 588 1752; x_wconf 82' lang='lat' dir='ltr'><strong>vegetationem</strong></span> <span class='ocrx_word' id='word_1_262' title='bbox 612 1703 805 1741; x_wconf 81' lang='lat' dir='ltr'><strong>animalem</strong></span> <span class='ocrx_word' id='word_1_263' title='bbox 826 1732 837 1748; x_wconf 87' lang='lat'>,</span> <span class='ocrx_word' id='word_1_264' title='bbox 868 1717 1001 1754; x_wconf 86' lang='lat' dir='ltr'><strong>paucas</strong></span> <span class='ocrx_word' id='word_1_265' title='bbox 1031 1706 1124 1743; x_wconf 86' lang='lat' dir='ltr'><strong>intra</strong></span> <span class='ocrx_word' id='word_1_266' title='bbox 1146 1705 1252 1744; x_wconf 86' lang='lat' dir='ltr'><strong>horas</strong></span> <span class='ocrx_word' id='word_1_267' title='bbox 1272 1734 1282 1749; x_wconf 90' lang='lat'>,</span> <span class='ocrx_word' id='word_1_268' title='bbox 1315 1707 1417 1745; x_wconf 85' lang='lat' dir='ltr'><strong>abeat</strong></span> <span class='ocrx_word' id='word_1_269' title='bbox 1432 1735 1442 1750; x_wconf 85' lang='lat'><em>,</em></span> <span class='ocrx_word' id='word_1_270' title='bbox 1479 1709 1515 1745; x_wconf 62' lang='grc' dir='ltr'><strong>δε</strong></span> <span class='ocrx_word' id='word_1_271' title='bbox 1535 1711 1649 1747; x_wconf 67' lang='lat' dir='ltr'><strong>vitiati</strong></span> 
     </span>
    </p>
   </div>
   <div class='ocr_carea' id='block_1_9' title="bbox 1518 1765 1648 1803">
    <p class='ocr_par' dir='ltr' id='par_1_9' title="bbox 1518 1765 1648 1803">
     <span class='ocr_line' id='line_1_27' title="bbox 1518 1765 1648 1803; baseline 0.008 -1"><span class='ocrx_word' id='word_1_272' title='bbox 1518 1765 1648 1803; x_wconf 90' lang='lat' dir='ltr'><strong>hordei</strong></span> 
     </span>
    </p>
   </div>
   <div class='ocr_carea' id='block_1_10' title="bbox 126 1842 1545 2411">
    <p class='ocr_par' dir='ltr' id='par_1_10' title="bbox 130 1842 300 1880">
     <span class='ocr_line' id='line_1_28' title="bbox 130 1842 300 1880; baseline 0.012 -2"><span class='ocrx_word' id='word_1_273' title='bbox 130 1842 160 1878; x_wconf 63' lang='grc' dir='ltr'><strong>ο)</strong></span> <span class='ocrx_word' id='word_1_274' title='bbox 180 1851 209 1880; x_wconf 78' lang='grc' dir='ltr'><strong>ι).</strong></span> <span class='ocrx_word' id='word_1_275' title='bbox 227 1851 300 1880; x_wconf 60' lang='lat' dir='ltr'><strong>29¹5-v</strong></span> 
     </span>
    </p>

    <p class='ocr_par' dir='ltr' id='par_1_11' title="bbox 126 1883 300 1942">
     <span class='ocr_line' id='line_1_29' title="bbox 126 1883 300 1942; baseline -0.006 -22"><span class='ocrx_word' id='word_1_276' title='bbox 126 1883 160 1920; x_wconf 76' lang='lat' dir='ltr'><strong>p)</strong></span> <span class='ocrx_word' id='word_1_277' title='bbox 182 1892 209 1921; x_wconf 76' lang='lat'><strong>1³·</strong></span> <span class='ocrx_word' id='word_1_278' title='bbox 227 1892 300 1942; x_wconf 48' lang='grc' dir='ltr'><strong>ξξςψ</strong></span> 
     </span>
    </p>

    <p class='ocr_par' dir='ltr' id='par_1_12' title="bbox 129 1926 295 1998">
     <span class='ocr_line' id='line_1_30' title="bbox 129 1926 295 1998; baseline 0.012 -6"><span class='ocrx_word' id='word_1_279' title='bbox 129 1926 161 1998; x_wconf 54' lang='lat'><strong>33</strong></span> <span class='ocrx_word' id='word_1_280' title='bbox 180 1928 295 1993; x_wconf 47' lang='grc' dir='ltr'><strong>ῐῗέῑᾶῗὰ</strong></span> 
     </span>
    </p>

    <p class='ocr_par' dir='ltr' id='par_1_13' title="bbox 129 2004 290 2042">
     <span class='ocr_line' id='line_1_31' title="bbox 129 2004 290 2042; baseline 0.019 -10"><span class='ocrx_word' id='word_1_281' title='bbox 129 2004 156 2039; x_wconf 83' lang='lat' dir='ltr'><strong>s)</strong></span> <span class='ocrx_word' id='word_1_282' title='bbox 179 2014 206 2041; x_wconf 82' lang='lat' dir='ltr'><strong>p.</strong></span> <span class='ocrx_word' id='word_1_283' title='bbox 224 2013 290 2042; x_wconf 75' lang='lat'>227.</span> 
     </span>
    </p>

    <p class='ocr_par' dir='ltr' id='par_1_14' title="bbox 131 2044 372 2083">
     <span class='ocr_line' id='line_1_32' title="bbox 131 2044 372 2083; baseline -0.012 -7"><span class='ocrx_word' id='word_1_284' title='bbox 131 2044 158 2079; x_wconf 78' lang='lat' dir='ltr'><strong>t.)</strong></span> <span class='ocrx_word' id='word_1_285' title='bbox 181 2054 207 2081; x_wconf 87' lang='lat' dir='ltr'><strong>p.</strong></span> <span class='ocrx_word' id='word_1_286' title='bbox 224 2048 291 2074; x_wconf 80' lang='lat'><strong>226.</strong></span> <span class='ocrx_word' id='word_1_287' title='bbox 306 2052 372 2083; x_wconf 86' lang='lat'><strong>²27·</strong></span> 
     </span>
    </p>

    <p class='ocr_par' dir='ltr' id='par_1_15' title="bbox 130 2085 302 2122">
     <span class='ocr_line' id='line_1_33' title="bbox 130 2085 302 2122; baseline 0.012 -10"><span class='ocrx_word' id='word_1_288' title='bbox 130 2085 165 2120; x_wconf 80' lang='grc' dir='ltr'><strong>κ)</strong></span> <span class='ocrx_word' id='word_1_289' title='bbox 187 2093 215 2122; x_wconf 88' lang='lat' dir='ltr'><strong>p.</strong></span> <span class='ocrx_word' id='word_1_290' title='bbox 229 2093 302 2121; x_wconf 84' lang='lat'>292..</span> 
     </span>
    </p>

    <p class='ocr_par' dir='ltr' id='par_1_16' title="bbox 131 2125 302 2162">
     <span class='ocr_line' id='line_1_34' title="bbox 131 2125 302 2162; baseline 0.018 -3"><span class='ocrx_word' id='word_1_291' title='bbox 131 2125 165 2159; x_wconf 70' lang='lat' dir='ltr'><strong>x)</strong></span> <span class='ocrx_word' id='word_1_292' title='bbox 187 2134 216 2162; x_wconf 76' lang='lat' dir='ltr'><strong>p-</strong></span> <span class='ocrx_word' id='word_1_293' title='bbox 236 2135 302 2162; x_wconf 80' lang='lat'>199·</span> 
     </span>
    </p>

    <p class='ocr_par' dir='ltr' id='par_1_17' title="bbox 128 2165 390 2243">
     <span class='ocr_line' id='line_1_35' title="bbox 128 2165 390 2243; baseline 0.011 -9"><span class='ocrx_word' id='word_1_294' title='bbox 128 2165 166 2242; x_wconf 60' lang='grc' dir='ltr'><strong>ἐξ</strong></span> <span class='ocrx_word' id='word_1_295' title='bbox 186 2175 216 2243; x_wconf 67' lang='lat'><strong>{31</strong></span> <span class='ocrx_word' id='word_1_296' title='bbox 229 2174 301 2243; x_wconf 61' lang='lat'><em>2²33·</em></span> <span class='ocrx_word' id='word_1_297' title='bbox 316 2215 390 2243; x_wconf 65' lang='lat'><strong>29„</strong></span> 
     </span>
    </p>

    <p class='ocr_par' dir='ltr' id='par_1_18' title="bbox 131 2245 1545 2365">
     <span class='ocr_line' id='line_1_36' title="bbox 131 2245 1545 2326; baseline 0.008 -50"><span class='ocrx_word' id='word_1_298' title='bbox 131 2245 165 2322; x_wconf 53' lang='grc' dir='ltr'><strong>ἕξ</strong></span> <span class='ocrx_word' id='word_1_299' title='bbox 186 2256 215 2324; x_wconf 62' lang='lat' dir='ltr'><strong>g</strong></span> <span class='ocrx_word' id='word_1_300' title='bbox 234 2255 298 2325; x_wconf 49' lang='lat' dir='ltr'><strong>{g}</strong></span> <span class='ocrx_word' id='word_1_301' title='bbox 314 2247 541 2326; x_wconf 50' lang='lat' dir='ltr'><strong>dggmimalculis</strong></span> <span class='ocrx_word' id='word_1_302' title='bbox 552 2251 624 2288; x_wconf 64' lang='lat' dir='ltr'><strong>juris</strong></span> <span class='ocrx_word' id='word_1_303' title='bbox 637 2252 730 2283; x_wconf 81' lang='lat' dir='ltr'><strong>carnis</strong></span> <span class='ocrx_word' id='word_1_304' title='bbox 744 2251 865 2287; x_wconf 75' lang='grc' dir='ltr'><strong>ΒΛκιῑι.</strong></span> <span class='ocrx_word' id='word_1_305' title='bbox 885 2254 1084 2292; x_wconf 69' lang='lat' dir='ltr'><strong>employement</strong></span> <span class='ocrx_word' id='word_1_306' title='bbox 1100 2255 1149 2295; x_wconf 81' lang='lat' dir='ltr'><strong>for</strong></span> <span class='ocrx_word' id='word_1_307' title='bbox 1171 2258 1217 2286; x_wconf 79' lang='lat' dir='ltr'><strong>the</strong></span> <span class='ocrx_word' id='word_1_308' title='bbox 1237 2255 1401 2295; x_wconf 60' lang='lat' dir='ltr'><strong>mis-rosiope</strong></span> <span class='ocrx_word' id='word_1_309' title='bbox 1425 2267 1451 2295; x_wconf 88' lang='lat' dir='ltr'><strong>p.</strong></span> <span class='ocrx_word' id='word_1_310' title='bbox 1475 2262 1545 2297; x_wconf 78' lang='lat'>489.</span> 
     </span>
     <span class='ocr_line' id='line_1_37' title="bbox 134 2311 383 2365; baseline 0.012 -1"><span class='ocrx_word' id='word_1_311' title='bbox 134 2327 163 2361; x_wconf 55' lang='grc' dir='ltr'><strong>ε)</strong></span> <span class='ocrx_word' id='word_1_312' title='bbox 185 2337 203 2365; x_wconf 75' lang='lat' dir='ltr'>p</span> <span class='ocrx_word' id='word_1_313' title='bbox 229 2336 253 2365; x_wconf 84' lang='lat'><strong>³-</strong></span> <span class='ocrx_word' id='word_1_314' title='bbox 375 2311 383 2319; x_wconf 52' lang='lat'><strong>⁴</strong></span> 
     </span>
    </p>

    <p class='ocr_par' dir='ltr' id='par_1_19' title="bbox 135 2367 630 2411">
     <span class='ocr_line' id='line_1_38' title="bbox 135 2367 630 2411; baseline 0.014 -14"><span class='ocrx_word' id='word_1_315' title='bbox 135 2368 170 2404; x_wconf 76' lang='lat' dir='ltr'><strong>d)</strong></span> <span class='ocrx_word' id='word_1_316' title='bbox 190 2376 301 2406; x_wconf 77' lang='lat' dir='ltr'>p.271.</span> <span class='ocrx_word' id='word_1_317' title='bbox 324 2367 452 2400; x_wconf 66' lang='lat' dir='ltr'><strong>Bunon</strong></span> <span class='ocrx_word' id='word_1_318' title='bbox 462 2370 497 2401; x_wconf 90' lang='lat'><strong>11.</strong></span> <span class='ocrx_word' id='word_1_319' title='bbox 515 2381 544 2410; x_wconf 90' lang='lat' dir='ltr'><strong>p.</strong></span> <span class='ocrx_word' id='word_1_320' title='bbox 566 2381 630 2411; x_wconf 83' lang='lat'>3-21.</span> 
     </span>
    </p>
   </div>
  </div>
 </body>
</html>
