1955 2732
240 114 403 155 SECT.
438 115 490 153 II.
551 114 914 155 PRIMORDlA
956 115 1113 156 NOVI
1156 116 1463 157 ANIMALIS.
1558 129 1634 162 τις

74 224 165 262 eIabi
193 223 275 261 sunt
302 220 387 272 paffi
403 252 411 266 ,
445 223 525 261 satis
553 223 797 268 confirmant,
829 237 957 263 verum
976 224 1116 263 sensum
1141 224 1196 263 Cl.
1221 226 1384 263 virorum
1407 236 1426 261 a
1444 224 1643 262 Nssfionffi

75 292 221 318 xmus
251 281 287 317 ὃ(
312 279 563 318 Womsme
585 282 786 319 rationibus
811 293 941 330 parum
968 280 1140 319 diffidere.

186 360 287 410 Ergo
313 363 501 399 materiem
527 362 798 411 produ&ricem
822 361 863 405 h)
887 364 1026 400 nutrire
1041 391 1051 406 ,
1086 363 1175 401 dum
1197 364 1330 412 cuique
1355 363 1448 411 parti
1468 365 1641 413 corporis

73 418 235 455 animalis
255 446 265 461 ‚
309 425 370 456 aut
393 418 604 467 vegetabilis
630 418 667 456 se
690 418 886 457 adfimilat:
917 426 1025 468 atque
1052 421 1100 457 ita
1133 426 1321 469 penetrare
1349 420 1478 456 intime
1510 432 1635 458 earum

73 475 232 523 partium
256 474 414 512 formam
430 503 439 518 ,
472 482 514 512 ut
537 477 575 511 in
595 487 635 512 ea
657 503 668 518 ,
704 483 889 525 tamquam
916 477 953 512 in
976 475 1132 514 modulo
1159 477 1347 518 interiori,
1380 475 1424 512 ad
1447 487 1569 515 earum
1592 475 1635 514 fi-

73 530 319 568 militudinem
331 530 488 580 fingatur
503 544 510 568 :
531 543 610 569 eam
625 544 705 581 quae
722 531 898 581 superflua
910 532 1066 575 advenit,
1078 531 1255 569 remissam
1271 531 1443 570 revehere
1461 534 1499 569 in
1512 532 1634 571 semen

71 586 269 624 moleculas
298 588 432 637 cuique
470 589 634 637 corporis
661 590 754 637 parti
780 588 950 637 analogas
969 616 979 631 ,
1013 589 1050 625 ἀ
1082 589 1119 626 id
1148 600 1284 631 mnne,
1316 588 1418 637 quod
1438 590 1633 638 requiritur

70 642 115 680 ad
142 643 465 693 reproduffionem
493 646 584 681 entis
609 646 683 692 ejus
707 644 849 687 similis,
866 657 884 681 a
906 645 1008 692 cujus
1025 657 1183 695 corpore
1207 646 1245 682 in
1269 644 1391 683 semen
1410 644 1550 682 remissa
1571 647 1631 683 est.

183 724 227 762 In
252 726 401 764 matrice
423 721 464 775 c)
492 737 581 774 ergo
603 754 613 768 ‚
644 725 689 762 ad
713 726 750 763 id
777 738 869 775 opus
888 726 1018 764 idonea
1034 755 1044 770 ‚
1076 728 1119 764 ab
1143 738 1181 763 ea
1202 728 1351 764 materie
1368 726 1481 764 fimile
1500 727 1633 765 animal

70 783 274 831 regenerari
300 783 338 819 in
369 782 535 832 polypo,
574 781 716 831 aphide.
777 782 851 821 Ubi
886 795 975 820 vero
1007 782 1083 821 duo
1107 783 1210 821 sexus
1236 783 1344 826 sunt,
1377 783 1499 822 semen
1524 786 1637 822 mariz

68 839 258 876 continere
295 840 505 881 materiem,
534 841 675 888 paterni
701 841 867 889 corporis
899 838 1170 878 similitudinem
1193 838 1233 883 d)
1265 839 1483 883 habentem,
1528 840 1632 878 valde

68 895 240 938 activam,
276 895 312 932 &
344 895 389 932 ad
416 895 700 944 producendum
726 908 860 945 corpus
883 894 995 933 fimile
1027 898 1121 946 patri
1145 897 1354 942 exaltatani3
1385 896 1506 933 semen
1528 897 1631 935 femi-

66 963 122 988 nae
141 950 174 995 e>
202 954 390 989 continere
419 950 572 990 smiilem
595 964 735 1002 penum
765 952 1045 1003 particularum,
1080 953 1124 991 ad
1145 952 1255 991 filiam
1277 954 1384 991 matri
1403 951 1555 991 fimilem
1575 966 1631 991 re-

66 1007 262 1057 parandam
293 1016 393 1058 aptae.

180 1088 360 1127 Genitalia
393 1090 483 1127 adeo
513 1089 668 1127 mascula
695 1091 734 1126 in
763 1089 840 1128 solo
866 1090 1000 1128 semine
1026 1103 1125 1130 mare
1129 1087 1199 1141 f),
1226 1091 1399 1128 feminina
1422 1092 1460 1128 in
1486 1092 1631 1128 femini-

64 1157 115 1182 no
145 1145 280 1183 semine
307 1147 498 1184 contineri.
560 1144 708 1184 Debere
735 1174 747 1190 ,
780 1154 822 1185 ut
846 1147 978 1185 animal
999 1149 1136 1186 oriatur
1155 1176 1166 1191 ,
1198 1147 1339 1185 misceri
1353 1147 1398 1196 g)
1430 1155 1629 1198 utrumque

66 1201 198 1238 semen.

166 1283 370 1335 *amonem
402 1283 556 1321 duarum
577 1282 837 1333 partiCuIarum
857 1283 1071 1333 genitalium
1092 1283 1271 1328 definere,
1305 1285 1452 1336 quando
1474 1297 1631 1336 quaeque

65 1338 117 1376 sui
146 1338 299 1377 fimilem
328 1341 469 1377 invenit
489 1341 555 1387 hJ:
586 1342 634 1379 ita
652 1342 763 1390 patris
783 1341 967 1379 seminales
987 1341 1181 1392 particulas
1205 1341 1278 1390 figi.

176 1420 278 1459 Bafin
300 1423 389 1459 novi
415 1422 578 1459 animalis
599 1421 666 1460 esse
687 1429 803 1471 partes
823 1423 996 1471 genitales
1016 1450 1027 1466 ,
1061 1436 1140 1473 quae
1162 1424 1288 1472 primae
1313 1423 1349 1460 &
1380 1435 1398 1460 a
1423 1422 1456 1460 se
1483 1422 1564 1472 ipsis
1587 1423 1629 1459 fi-

64 1484 197 1526 gantur
216 1480 246 1521 z')
278 1478 384 1516 Circa
404 1491 460 1516 eas
482 1486 599 1527 partes
623 1479 809 1527 genitales,
835 1486 1020 1529 tamquam
1045 1481 1139 1517 circa
1158 1487 1325 1517 centrum
1345 1480 1508 1522 unicum,
1529 1480 1628 1517 onii-

64 1535 142 1570 nari
171 1534 302 1584 reliqui
333 1536 503 1584 corporis
529 1535 720 1584 particulas
748 1537 961 1583 organicas,
996 1536 1196 1574 secundum
1221 1536 1416 1578 ordinem,
1451 1548 1562 1586 quem
1589 1537 1627 1573 in

67 1601 225 1639 corpore
255 1599 480 1634 tenuerunt,
514 1603 559 1628 ex
586 1603 662 1641 quo
689 1591 910 1641 prodierunt
925 1590 978 1640 le).

174 1671 369 1710 Praevalere
403 1673 527 1710 sexum
549 1700 561 1715 ,
591 1674 694 1720 cujus
728 1673 849 1711 semen
881 1663 1072 1722 particulas
1107 1672 1305 1711 defluentes
1331 1672 1498 1711 habuerit
1530 1674 1619 1712 ube-

63 1730 204 1771 riores,
239 1729 325 1766 hinc
362 1729 485 1779 piures
530 1741 644 1766 mares
669 1730 722 1774 m)
759 1731 957 1779 generari,
993 1732 1077 1779 quia
1115 1732 1220 1767 maris
1254 1729 1439 1780 particulae
1473 1729 1625 1768 semina-

61 1784 114 1822 les
147 1786 367 1824 robustiores
398 1784 465 1824 effe
492 1785 618 1823 soient.

173 1866 306 1917 Neque
330 1875 452 1904 tamen
483 1869 521 1904 in
543 1867 599 1904 his
625 1867 836 1917 primordiis
857 1870 898 1914 n)
928 1867 1121 1906 hominem
1149 1866 1347 1906 formatum
1374 1866 1442 1906 effe
1462 1896 1472 1911 ,
1509 1867 1623 1918 qualis

1556 1926 1625 1962 eri-t

103 1976 135 2012 b)
157 1976 230 2015 Hist.
248 1983 347 2006 natur.
360 1977 399 2006 Π.
420 1985 449 2014 Ρ.
463 1986 509 2014 ςς.
522 1981 570 2009 ⁶2.
582 1984 652 2012 420.-

102 2018 131 2051 c)
152 2027 180 2054 p.
206 2027 251 2053 55.
267 2026 334 2053 420.
354 2026 425 2052 421.

102 2059 135 2092 d)
158 2066 185 2094 p.
206 2066 251 2094 57·
270 2064 316 2093 58·
334 2067 382 2095 59⁷

105 2099 131 2129 e)
153 2097 224 2128 ibid.

98 2137 137 2177 s)
159 2147 187 2175 p-
201 2143 268 2175 287-

98 2178 132 2216 g]
154 2188 181 2215 p.
202 2188 245 2215 59.
275 2187 341 2216 341.
360 2180 430 2215 426,

99 2219 133 2265 13)
157 2228 185 2256 p-
208 2228 272 2256 329·
291 2228 356 2257 330·

102 2262 127 2293 ²)
149 2269 177 2296 p-
197 2268 261 2297 330-
281 2269 347 2297 342·
367 2269 437 2299 347*

101 2300 133 2329 ki
156 2309 184 2336 p·
203 2305 269 2337 348·

99 2340 144 2373 m)
166 2349 194 2377 p.
209 2348 254 2376 72.
269 2349 314 2378 73.

101 2379 136 2416 n)
157 2389 186 2417 p·
203 2385 273 2418 3⁶7*
