1955 2732
283 144 336 185 58
745 133 840 175 ΠΒ.
866 134 1013 175 XXIX.
1073 133 1101 174 F
1132 135 1161 174 E
1191 134 1226 174 T
1254 133 1291 173 U
1320 133 1353 173 S.

394 240 507 280 Nunc
534 254 606 292 ego
630 243 669 279 in
700 254 770 280 ove
796 243 924 291 primis
953 243 1041 280 totis
1071 241 1331 291 septemdecim
1362 240 1489 278 diebus
1503 238 1548 287 g)
1577 239 1669 278 nihil
1693 241 1842 290 reperi,

279 305 410 348 praeter
433 310 609 341 mucum,
633 306 824 340 tenacem,
850 298 1140 341 albuminosum,
1171 299 1209 335 in
1241 310 1317 347 quo
1348 309 1468 346 neque
1502 297 1595 335 fetus
1631 296 1716 334 effet
1743 296 1844 335 rudi-

280 361 469 395 mentum,
501 353 561 392 sed
589 366 708 403 neque
739 354 942 391 rotundum
964 354 1052 403 quid
1079 383 1089 396 ,
1129 361 1191 392 aut
1208 352 1348 392 craffius
1374 352 1633 401 corpusculum
1646 366 1659 398 ;4
1686 353 1844 402 longum

281 411 389 448 unice
402 409 578 447 farcimen
591 407 666 447 vidi
681 410 783 447 muci
799 409 1076 453 albuminofih),
1095 410 1197 459 quod
1205 422 1270 459 per
1288 410 1414 447 tubam
1427 408 1692 451 extenderetur,
1706 421 1847 459 perque

283 467 505 504 continuum
539 478 668 503 cornu.
730 464 923 514 Saepiffime
954 467 1107 515 repetii,
1142 465 1273 504 oculos
1303 468 1503 522 myopicos
1532 465 1569 501 δε
1601 463 1698 502 lente
1733 466 1845 503 vitrea

284 520 441 560 armatos
468 520 646 565 adhibui,
686 521 777 559 nihil
802 521 896 559 ultra
921 522 1005 559 vidi.
1073 522 1210 559 Similia
1239 523 1347 559 etiam
1380 521 1472 558 vidit
1488 509 1793 558 ΕοεΜοΡοιῙΤΑ
1813 521 1850 565 i)

286 579 322 616 &
343 576 482 621 altile),
516 578 656 626 &ipse
683 575 719 615 H
736 589 834 615 ARV
849 590 966 615 nius
993 576 1022 622 l>
1059 578 1096 615 &
1127 578 1216 615 olim
1244 577 1483 628 JACOBUS
1516 576 1766 620 SYvas,
1786 577 1847 614 die

284 633 442 682 septimo
468 634 507 670 in
530 646 647 672 cornu
667 645 795 675 vaccae,
813 634 849 671 &
876 635 914 671 in
931 641 1037 671 utero
1056 634 1246 682 copiosum
1270 633 1440 671 albumen
1457 633 1511 677 m)
1536 635 1679 684 reperit,
1707 635 1744 670 in
1761 645 1844 685 quo

285 688 384 728 craffi
406 689 498 738 quid
510 688 595 727 esset
615 703 622 726 ς
655 689 743 728 alius
766 691 821 727 vir
846 689 900 727 Cl.
926 691 963 726 in
983 689 1160 728 cuniculo
1181 692 1421 739 impraegnato
1441 701 1558 727 cornu
1580 689 1715 727 humor
1728 702 1746 727 e
1767 689 1846 739 ple·-

285 758 376 784 num
397 744 450 790 n),
469 746 506 783 &
533 757 685 784 mucum
707 746 832 783 tubam
857 745 1083 784 obsidentem
1106 746 1400 792 albuminosun„
1419 745 1583 784 coactum
1599 747 1647 790 ο).

400 826 443 864 In
461 826 595 864 femina
614 839 731 876 nuper
754 828 988 876 impraegnata
1001 827 1074 877 ipse
1092 835 1216 865 uteruss
1229 827 1384 877 limpido
1398 827 1554 864 humore
1568 826 1696 875 plenus
1711 825 1779 865 fuit
1786 825 1843 874 p),

288 885 325 920 δε
346 884 384 919 in
410 894 518 920 vacca
539 883 729 921 dilatatum
746 883 783 931 q)
809 895 946 921 cornu:
976 885 1011 920 &
1033 886 1070 921 in
1088 884 1195 921 nodis
1218 883 1296 921 selis
1321 913 1330 927 ‚
1364 896 1443 933 quae
1462 895 1652 931 concepera
1668 890 1679 920 t
1697 883 1757 926 r),
1792 884 1847 919 in-

288 951 362 989 que
383 939 462 976 ovis
487 951 603 977 cornu
619 939 673 984 s),
704 939 854 977 demum
882 942 922 976 in
949 940 1053 989 talpa:
1082 940 1241 984 cellulis,
1273 942 1366 977 cirea
1391 940 1485 976 fetus
1510 938 1715 981 spinctum,
1747 940 1784 976 &
1808 940 1848 975 in

289 1007 404 1033 cervae
428 1002 535 1032 utero
561 1008 584 1033 a
608 1003 791 1045 conceptu
816 995 1032 1034 albuminofi
1053 996 1218 1034 humoris
1241 996 1401 1033 multum
1421 995 1466 1039 u>
1488 995 1569 1033 fuit.

402 1075 447 1114 ln
472 1088 512 1114 ea
536 1076 610 1126 ipsa
640 1077 797 1125 gelatina
827 1076 914 1116 latet
940 1078 1186 1127 primordium
1198 1077 1240 1121 x)
1267 1077 1487 1126 embryoniS.

403 1156 515 1196 Addo
539 1169 640 1196 nunc
657 1185 669 1201 ,
704 1169 784 1208 quae
807 1158 971 1207 primum
993 1157 1144 1206 figurata
1167 1158 1202 1194 Sc
1225 1157 1352 1195 structa
1376 1158 1539 1194 viderim.

403 1237 566 1288 Reperio
589 1250 650 1276 me
679 1239 842 1288 primum
868 1239 908 1275 in
936 1238 1062 1276 catella
1087 1238 1145 1276 die
1170 1245 1300 1289 quarto
1324 1237 1423 1287 quafi
1444 1236 1567 1276 sordes
1591 1237 1726 1288 aliquas
1750 1239 1849 1276 inor-

293 1295 446 1344 ganicas.
461 1296 501 1331 in
524 1302 678 1344 utraque
701 1295 788 1332 tuba
811 1292 977 1343 reperisse
989 1295 1040 1341 y).

407 1375 483 1414 Die
501 1374 574 1413 fere
593 1377 687 1413 inter
715 1384 776 1420 13.
806 1376 842 1412 δι
862 1385 923 1412 22.
949 1375 1076 1413 medio
1095 1376 1257 1425 primum
1281 1374 1397 1412 fetum
1424 1375 1461 1411 in
1484 1373 1609 1412 catella
1629 1374 1712 1412 vidi.
1746 1373 1850 1412 Ince-

294 1440 397 1482 perat
427 1431 576 1469 catulire
604 1438 686 1469 ante
713 1442 776 1469 22.
800 1430 948 1469 deflerat
970 1439 1053 1469 ante
1078 1442 1139 1476 13.
1167 1431 1265 1469 dies:
1294 1439 1461 1481 tempus,
1494 1442 1569 1479 quo
1600 1438 1847 1480 conceperat,

296 1495 371 1526 erat
396 1489 585 1526 incertum.
646 1486 736 1525 Vidi
764 1495 886 1525 autem
909 1500 954 1525 eo
977 1495 1144 1537 tempore
1166 1490 1205 1524 in
1230 1487 1367 1525 cellulis
1387 1498 1569 1525 cornuum
1592 1488 1685 1524 uteri
1706 1487 1852 1525 follicu-

295 1545 353 1582 los
373 1545 583 1581 membrana
605 1543 728 1581 villosa
749 1544 859 1581 fastos
872 1572 883 1587 ,
917 1556 1002 1582 cum
1025 1545 1120 1582 uteri
1139 1545 1349 1581 membrana
1368 1549 1567 1585 connatos,
1598 1551 1640 1580 ut
1660 1550 1781 1580 tamen
1799 1543 1850 1581 se-

297 1613 421 1650 parare
442 1598 592 1649 possem.
630 1600 672 1637 ln
697 1601 739 1641 iis
753 1600 925 1638 folliculis
947 1601 1019 1648 jam
1040 1601 1259 1639 membranae
1282 1600 1376 1639 fetus
1395 1611 1523 1639 omnes
1542 1606 1662 1642 erant,
1694 1600 1729 1637 ’ἃ
1754 1601 1792 1636 in
1808 1602 1872 1638 iis*

299 1656 446 1695 catellus
468 1656 547 1694 satis
568 1655 662 1694 recte
682 1656 859 1695 formatus
879 1655 1033 1695 sedebat.

1807 1736 1851 1777 In

299 1847 306 1864 ¹
339 1847 374 1885 g]
395 1846 429 1876 ln
452 1856 536 1886 capra
559 1845 606 1876 die
633 1855 678 1885 ¹3·
702 1855 768 1877 cum
792 1846 851 1876 duo
873 1846 983 1884 optima
1003 1855 1121 1886 corpora
1145 1845 1222 1878 lutea
1244 1845 1379 1877 adessent.

340 1887 374 1922 Ι]
397 1887 444 1917 die
468 1897 511 1924 ις.
534 1886 736 1917 ΚυηιεΜιΝ.
751 1897 777 1924 p.
792 1890 838 1916 26.
866 1887 973 1917 Lentus
986 1897 1087 1919 mucus
1108 1888 1155 1918 die
1171 1893 1215 1918 16
1239 1888 1360 1926 Immp.
1376 1897 1423 1925 27
1447 1887 1508 1926 Jam
1522 1884 1628 1925 spiffim
1644 1887 1691 1917 dic
1708 1897 1752 1926 ¹7
1769 1897 1800 1926 p.
1803 1893 1852 1924 28

344 1927 370 1961 i]
391 1927 426 1957 In
441 1926 640 1957 cuniculorum
656 1927 809 1957 corniculis
829 1937 855 1963 Ρ.
870 1938 916 1962 41·
929 1937 976 1963 45.
988 1933 1036 1965 4⁶·

345 1968 376 2001 k]
405 1969 509 1997 Cynorul
534 1968 699 1998 (ὲῡΝειῑΝτ.
722 1970 803 2005 Prog.
830 1971 859 1998 l
885 1978 911 2006 p
934 1975 998 2006 178.

355 2008 383 2042 l]
406 2017 435 2045 Ρ
452 2013 518 2042 2-80

346 2047 391 2082 m]
412 2045 474 2086 diss.
491 2058 552 2077 var.
569 2057 594 2078 c.
610 2056 654 2085 33.
674 2048 791 2085 &apud
807 2047 956 2078 Suum.
971 2049 1097 2080 zootmn.
1112 2059 1140 2088 Ρ.
1160 2055 1226 2088 386.

345 2088 383 2122 ιι]
407 2088 589 2118 numm
613 2097 641 2118 n.
659 2097 706 2126 37

346 2128 378 2162 ο]
402 2138 429 2156 n.
452 2137 497 2162 50.

342 2167 380 2205 Ρ]
405 2167 506 2198 Flavus
531 2167 624 2206 liquor
647 2169 678 2198 in
699 2175 784 2199 utero
810 2168 1289 2209 Ruucn.Ac¹7.Hzsn.11.n.4

346 2208 380 2246 q]
403 2207 745 2247 Dnsxv1s.s}t.sbrm.1t.

345 2247 379 2282 r]
401 2248 581 2278 ΗΑειτΜΑΝ.
596 2258 625 2278 n.
635 2258 681 2279 2.2

347 2287 376 2322 s]
398 2298 425 2317 ¹¹
446 2294 490 2324 38·

349 2328 579 2385 11]LU1)'0v101
597 2330 668 2367 Epis.
689 2331 757 2359 Nat.
778 2330 840 2359 cur.
861 2332 928 2360 Dea.
945 2332 969 2361 1.
994 2342 1063 2361 mm.
1079 2336 1104 2366 8.
1121 2329 1178 2361 obl.
1194 2341 1227 2369 ιζ·

347 2368 384 2402 2]
408 2368 478 2397 llA·
490 2379 577 2397 rimu
584 2392 591 2398 .
613 2379 628 2399 a
652 2376 686 2407 38
711 2370 767 2399 dle.

340 2407 382 2447 y]
404 2408 448 2438 An
467 2409 542 2439 lone
557 2416 635 2447 rete,
654 2411 732 2449 quod
744 2410 800 2440 erit
811 2410 880 2441 olim
892 2411 1058 2443 membrana
1074 2411 1271 2443 ἢῦαῐιιυίιὶεειῖ)
