1955 2732
293 115 371 150 370
752 100 866 139 ΜΒ.
900 100 1049 139 XXIX.
1109 101 1137 140 r
1167 101 1196 140 E
1227 102 1261 141 T
1290 102 1325 141 U
1355 103 1388 143 s.

404 211 473 249 Pili
501 211 537 248 &
563 210 698 260 plumae
722 208 803 247 sero
825 216 1024 257 erumpunt
1044 210 1099 254 v).
1159 209 1250 248 Toti
1278 218 1399 249 tamen
1425 213 1519 252 fetus
1548 214 1725 254 subtiliter
1755 216 1860 266 pilofi

293 267 488 306 nascuntur
503 295 514 310 ,
548 267 584 304 δι
610 278 880 315 nonnunquam
905 266 1102 314 conspicue
1123 265 1249 305 hirsuti
1268 270 1324 309 x).

409 348 589 396 Principia
614 347 778 384 animalis
803 347 881 384 alba
902 347 984 385 sunt
999 348 1068 393 y),
1098 346 1142 384 ad
1167 357 1338 398 quartum
1362 350 1475 401 usque
1500 351 1661 390 mensem
1679 352 1721 398 z)
1741 382 1751 397 ‚
1783 353 1861 391 sen-

299 403 365 441 fim
387 405 528 453 sanguis
560 403 752 441 invalescit.

414 484 581 523 Gelatina
611 497 680 534 pro
706 485 813 534 adipe
846 484 909 522 sub
937 492 1021 523 cute
1047 484 1107 529 aa)
1135 486 1192 522 est.
1253 486 1403 525 Obesuli
1438 500 1526 526 vero
1559 489 1666 532 sunt,
1700 490 1737 527 δε
1765 489 1862 528 succi

303 542 425 591 pleni,
459 541 607 590 quando
638 551 808 579 recentes
871 541 1056 580 Adservati
1077 570 1087 585 ,
1127 543 1316 581 exhalante
1345 551 1447 593 parte
1477 547 1590 583 teneri
1619 545 1861 589 homunculi,

304 597 536 635 macilescunt
564 598 599 634 δε
628 606 871 646 corrugantur
889 597 963 645 hh).

417 678 601 716 Tendines
628 678 755 716 molles
779 672 915 722 albidi,
947 692 966 717 a
988 680 1140 718 musculi
1162 693 1267 719 carne
1291 682 1353 718 vix
1376 681 1505 719 diversi
1523 682 1625 725 sunt,
1657 689 1699 720 ut
1714 686 1751 720 in
1777 683 1863 721 ster-

304 735 558 773 nomastoideo
587 735 753 773 musculo
778 736 965 773 evidenter
986 737 1059 774 vidi
1077 736 1138 782 cc).

666 861 699 902 ἓ.
732 856 852 896 XLII.
913 857 1175 896 lucrementum
1206 860 1243 895 in
1275 858 1491 908 mzivez'jfitm.

416 945 517 983 Utile
544 946 640 984 foret
667 949 822 986 omnino
843 976 853 991 ‚
887 948 911 985 si
935 949 1084 991 liceret,
1118 958 1159 988 ut
1182 951 1220 986 in
1250 949 1353 998 pullo
1387 950 1587 998 gallinaceo
1606 977 1615 992 ,
1650 950 1865 999 quotidiana

305 1004 527 1040 incrementa
552 1003 646 1041 fetus
671 1003 821 1042 humani
847 1007 974 1042 metiri.
1039 1005 1150 1044 Nunc
1182 1013 1311 1054 praeter
1334 1006 1532 1054 fragmenta
1551 1034 1560 1048 ‚
1598 1018 1717 1055 neque
1749 1019 1789 1043 ea
1813 1006 1863 1042 sa-

306 1061 350 1097 tis
376 1058 472 1102 fida,
498 1059 589 1095 nihil
617 1060 801 1098 habemus.
850 1062 947 1099 Cum
976 1061 1091 1100 multa
1121 1062 1276 1100 viderim
1312 1074 1383 1099 ova
1414 1063 1577 1100 abortiva
1604 1061 1760 1100 humana
1783 1091 1792 1105 ,
1825 1063 1863 1099 Sc

305 1116 423 1165 aliqua
454 1127 500 1152 ex
525 1116 724 1153 abdomine
754 1119 877 1154 matris
910 1118 1108 1155 exciderim
1125 1148 1135 1162 ,
1168 1131 1245 1156 non
1273 1117 1418 1168 possum
1438 1126 1559 1156 tamen
1587 1120 1786 1169 quidquam
1816 1118 1862 1155 de

306 1179 407 1210 aetate
434 1171 530 1209 firmi
555 1172 673 1210 dicere
694 1201 704 1215 ‚
737 1172 801 1210 nifi
825 1174 869 1211 de
894 1174 1049 1211 duobus.

418 1252 462 1290 In
490 1254 697 1291 universum
722 1256 990 1293 incrementum
1018 1256 1136 1298 fetus,
1168 1258 1212 1294 ab
1239 1257 1468 1293 incremento
1505 1255 1595 1304 pulli
1628 1255 1780 1292 mirifice
1807 1255 1863 1293 su-

307 1315 461 1359 peratur.
523 1309 556 1347 ls
575 1312 673 1347 enim
692 1323 737 1347 ex
753 1313 898 1360 paribus
916 1313 1026 1349 initiis
1049 1314 1141 1350 intra
1165 1324 1226 1351 21.
1245 1312 1342 1350 diem
1358 1314 1405 1350 ita
1419 1312 1624 1361 perficitur,
1647 1319 1689 1349 ut
1705 1319 1864 1361 quatuor

306 1365 458 1414 pollices
476 1365 534 1402 sua
557 1366 791 1415 longitudine
814 1369 1000 1417 adtingat:
1033 1369 1163 1408 deinde
1188 1377 1229 1407 ut
1259 1369 1412 1418 persensi
1441 1367 1513 1406 offa
1539 1368 1691 1410 habeat,
1731 1369 1863 1416 quibus

310 1421 476 1459 incedere
491 1449 503 1464 ‚
534 1429 613 1459 tum
640 1424 823 1466 rostrum,
857 1436 933 1473 quo
961 1426 1086 1462 cibum
1108 1438 1236 1474 capere
1256 1453 1269 1468 ,,
1300 1426 1335 1461 &
1353 1437 1534 1462 carcerem
1550 1424 1654 1461 suum
1669 1425 1868 1462 testaceum

307 1489 476 1525 rumpere
496 1477 610 1526 possit.
645 1478 791 1528 Nempe
821 1480 970 1517 Natura
999 1480 1143 1518 homini
1173 1490 1326 1518 matrem
1343 1489 1556 1523 curaverat,
1585 1492 1664 1530 quae
1684 1481 1864 1529 imparem

315 1535 420 1571 novis
450 1535 532 1571 vitae
559 1536 772 1572 muneribus
801 1536 993 1585 pusionem
1014 1538 1166 1585 gestaret
1194 1539 1229 1574 8:
1260 1537 1402 1583 aleret3
1435 1537 1606 1575 eumdem
1635 1535 1759 1573 eadem
1780 1536 1863 1574 lon-

308 1602 363 1638 gae
394 1591 475 1627 vitae
494 1618 504 1633 ‚
537 1590 713 1640 lentoque
742 1591 978 1630 destinaverat
1004 1588 1243 1631 incremento.

421 1670 594 1708 Hominis
618 1684 688 1709 ova
708 1684 753 1709 ex
777 1675 926 1722 optimis
945 1674 1150 1712 aucloribus
1165 1703 1175 1717 ‚
1209 1683 1250 1712 ut
1269 1676 1457 1724 potuimus
1475 1703 1484 1717 ,
1515 1674 1775 1723 disposuimus:
1808 1685 1865 1710 re-

309 1729 416 1764 tentis
443 1727 516 1764 fere
533 1757 541 1770 ‚
576 1730 638 1776 qui
661 1730 819 1766 minores
843 1729 1013 1773 fuerunt,
1048 1732 1253 1779 primorum
1277 1739 1488 1779 temporum
1515 1731 1660 1768 fetubus
1680 1759 1690 1773 ,
1723 1730 1867 1767 obno-

309 1784 393 1820 stras
432 1796 469 1820 m
500 1796 569 1822 ove
601 1784 855 1823 adnotationes
876 1785 913 1831 a)
941 1814 951 1829 ,
997 1799 1076 1836 quie
1110 1789 1220 1836 primi
1256 1786 1385 1825 menfis
1414 1788 1507 1825 fetus
1537 1788 1758 1836 perexiguos
1794 1784 1864 1824 effe

310 1839 473 1877 suadent..

1711 1897 1859 1935 Nimim

352 1981 386 2016 v]
408 1980 530 2011 Decimo
551 1982 598 2013 die
617 1982 696 2013 bulbi
714 2006 722 2020 ‚
751 1983 816 2021 post
839 1984 915 2014 diem
937 1985 1081 2015 decimum
1101 1992 1232 2022 quartum
1257 1984 1392 2023 plumulae
1414 1985 1542 2015 Hanvnx
1557 1995 1582 2022 p.
1600 1990 1664 2022 187.

350 2022 386 2057 x]
409 2021 579 2052 Tnossssssv
603 2030 709 2062 topogr.
732 2023 769 2062 of
786 2027 880 2055 Leuis„
910 2036 937 2063 p.
958 2029 1024 2055 601.
1061 2025 1145 2055 fetus
1166 2026 1307 2062 ejusmodi
1329 2036 1381 2064 pro
1406 2025 1485 2056 simio
1506 2026 1618 2056 habitus
1641 2024 1681 2054 est
1702 2024 1855 2055 Lenum.

314 2063 438 2093 Chronic.
458 2072 486 2100 p.
505 2067 570 2100 726.

344 2103 382 2140 3³]
407 2105 501 2133 form.
521 2106 561 2133 du
574 2104 668 2141 poulet
677 2106 716 2133 II.
736 2114 762 2140 p,
784 2115 850 2140 ¹94·
874 2105 903 2134 i'n
922 2105 1003 2134 dama
1020 2105 1146 2136 HAssvm
1166 2116 1193 2144 p.
1212 2116 1275 2143 234.

349 2142 383 2177 2]
406 2143 532 2172 HARvnr
553 2154 579 2181 p.
598 2149 659 2178 18³·
684 2145 794 2181 Quarto
808 2145 941 2183 sanguine
960 2146 1108 2183 tinguntur
1123 2157 1150 2183 p.
1167 2152 1230 2181 ¹85-
1264 2146 1294 2176 'ln
1314 2145 1438 2175 bimestri
1453 2146 1611 2183 embryone
1628 2145 1859 2175 Cosuopomvi

309 2192 337 2219 p.
354 2186 399 2218 65.
415 2186 461 2212 ⁶6.
487 2183 558 2213 Ovis
572 2191 669 2213 tamen
681 2192 801 2221 quatuor
817 2186 1030 2215 hebdomadum
1045 2187 1204 2217 rubicunda
1217 2187 1279 2217 fuit.
1334 2186 1402 2216 Vasti
1416 2188 1500 2217 rubra
1511 2187 1539 2215 in
1554 2196 1609 2216 ove
1624 2186 1671 2215 die
1683 2194 1730 2221 24.
1775 2184 1861 2214 Kou-

314 2232 435 2252 uzrmn.
452 2223 486 2253 T.
502 2233 527 2253 2.
544 2223 563 2253 f.
577 2235 605 2259 4·
623 2233 651 2262 p.
668 2234 713 2260 5¹·
729 2225 775 2254 die
792 2235 838 2263 30.
864 2226 909 2256 l'o.
928 2236 955 2264 p,
978 2236 1023 2264 53.

350 2263 403 2297 aa]
427 2263 455 2292 L.
473 2263 492 2292 l.
512 2273 539 2300 p.
555 2273 598 2300 25.

349 2302 400 2336 hir]
424 2303 524 2333 leones
542 2303 733 2333 Tauwmm
748 2303 765 2334 l.
779 2315 802 2335 c.

353 2345 398 2377 a]
422 2343 513 2372 Etiam
530 2344 727 2375 Boannmvn
752 2355 779 2382 p.
801 2351 864 2382 198,

353 2389 385 2419 a)
409 2391 436 2419 p.
455 2388 499 2420 67.
514 2388 560 2417 68.
575 2390 621 2421 69,
