1955 2732
327 139 411 182 466
798 127 894 168 ΠΒ.
928 124 1077 168 XXIX.
1136 129 1166 168 F
1196 128 1225 169 E
1253 130 1288 169 T
1317 130 1355 170 u
1383 131 1417 171 s,

330 241 463 292 quibus
492 238 612 277 incisis
640 238 735 277 fetus
762 240 897 288 reperti
932 238 1082 276 fuerunt
1112 240 1227 288 magis
1249 267 1260 283 ‚
1294 241 1332 277 &
1358 236 1480 278 minus
1513 239 1658 285 adulti,
1690 250 1752 282 aut
1783 252 1891 290 certe,

331 310 418 336 cum
440 304 572 334 matres
597 304 759 333 recentes
778 296 872 333 fetus
895 294 1006 332 essent
1030 297 1144 332 enixae
1166 324 1176 338 ‚
1220 296 1281 333 alii
1310 299 1348 333 in
1380 304 1506 335 ventre
1534 299 1750 348 embryone's
1768 301 1810 348 y)
1838 302 1896 340 su-

331 354 554 405 perfuerunt.
620 352 746 398 Quare
770 353 806 389 δε
825 352 928 401 lepus
952 353 989 389 &
1013 352 1165 402 dasypus
1188 352 1274 390 dieti
1295 353 1376 391 sunt
1396 354 1611 403 superfetare
1630 357 1683 399 z).

446 435 581 484 Neque
604 436 693 483 quin
726 434 788 471 ista
814 433 1047 472 admittamus
1066 462 1076 476 ‚
1108 442 1287 483 repugnat
1312 435 1524 485 quidquam.
1587 435 1642 474 Os
1673 439 1769 475 uteri
1798 451 1894 478 nun-

335 504 446 544 quam
473 491 632 529 clausum
655 491 704 527 est
719 493 759 535 a)
779 519 789 533 ,
821 491 981 541 ideoque
1004 492 1122 539 potest
1143 491 1351 540 superfetari
1376 504 1451 529 non
1474 492 1591 530 solum
1619 506 1638 530 a
1661 492 1701 537 h>
1732 494 1791 531 die
1815 496 1893 533 sex-

335 557 376 587 to
408 549 452 585 ad
485 546 709 595 trigesimum
729 575 740 591 ‚
787 554 849 586 aut
890 549 1017 597 primis
1046 548 1192 586 duobus
1222 548 1402 587 mensibus
1424 549 1484 595 c),
1516 549 1575 586 sed
1603 552 1707 588 omni
1735 554 1892 590 omnino

336 613 515 655 tempore.

449 686 694 726 Certiffimum
720 688 819 725 enim
849 688 899 725 est
920 716 930 731 ,
971 689 1008 725 Sc
1042 687 1368 725 innumerabilibus
1406 688 1582 737 exemplis
1609 689 1893 734 confirmatum,

337 744 556 782 &animalia
575 772 585 787 ,
620 745 656 781 Sc
684 744 835 782 feminas
864 744 1094 793 concepisse,
1132 745 1167 782 ὁὶ
1198 744 1371 793 peperisse
1388 773 1398 786 ‚
1432 745 1521 782 dum
1550 755 1775 796 conceptum
1794 749 1895 797 prio-

336 797 415 839 rem
438 809 629 839 mortuum
650 829 660 843 ‚
693 803 802 839 etiam
832 801 1017 851 lapideum
1042 829 1052 844 ,
1086 804 1124 838 in
1142 810 1248 839 utero
1274 809 1390 838 mater
1416 802 1602 839 retinebat.

449 881 509 920 Sic
533 884 571 919 in
595 893 702 920 vacca
717 882 756 926 d)
786 890 917 931 praeter
940 884 1121 920 marcidos
1156 883 1275 925 fetus,
1308 884 1373 933 qui
1406 884 1445 920 in
1482 891 1589 921 utero
1621 891 1723 921 erant
1746 911 1758 926 ,
1789 884 1896 922 vivos

336 939 446 978 etiam
474 938 707 976 Ruvscnms
734 942 891 989 reperit:
923 942 960 977 in
989 939 1123 977 catellis
1149 939 1208 976 alii
1225 949 1273 976 el.

448 1019 491 1058 ln
518 1021 653 1058 femina
684 1021 840 1058 humana
855 1021 903 1070 f)
933 1021 1060 1059 similia
1090 1033 1167 1059 non
1199 1020 1280 1058 sunt
1305 1019 1495 1062 rarissima,
1532 1020 1602 1058 five
1622 1022 1659 1058 in
1684 1022 1770 1059 tuba
1796 1022 1899 1070 prior

335 1077 431 1115 fetus
449 1076 553 1123 effen
572 1078 716 1127 qualem
738 1091 823 1116 avus
842 1086 1010 1127 paternus
1027 1080 1151 1116 uxoris
1167 1076 1254 1114 meae
1269 1076 1763 1115 HENchusTmchun
1777 1089 1808 1125 g
1820 1080 1829 1108 ἶ
1847 1078 1900 1116 fe-

336 1136 475 1172 minam
493 1133 609 1176 vidit,
645 1148 729 1173 cum
754 1134 850 1182 figna
874 1133 1019 1172 fuissent
1039 1135 1315 1183 conceptionis,
1337 1135 1418 1181 post
1436 1134 1577 1183 aliquot
1597 1143 1741 1183 tempus
1764 1146 1899 1172 conce-

335 1188 424 1240 piss'e
447 1218 457 1232 ‚
501 1190 537 1226 ἃ
566 1191 693 1227 vivum
725 1190 839 1227 fetum
871 1190 1074 1238 peperisse,
1122 1191 1202 1239 post
1237 1202 1320 1228 eum
1358 1202 1445 1227 vero
1489 1198 1631 1239 partum
1662 1191 1815 1228 alterum
1846 1190 1902 1227 fe-

335 1253 416 1284 tum
438 1275 448 1289 ‚
483 1247 547 1296 qui
577 1247 679 1295 prior
711 1246 827 1284 fuerat
846 1275 857 1289 ‚
889 1247 1094 1284 marcidum
1115 1274 1126 1289 ‚
1156 1246 1332 1284 incisione
1358 1246 1472 1289 faeiat,
1505 1247 1674 1284 eduiium
1700 1245 1811 1284 fuisse.

335 1327 390 1367 Ita
412 1327 624 1366 HARvfflus
647 1329 688 1374 h)
709 1329 790 1378 post
812 1329 955 1378 aliquot
978 1328 1113 1366 menses
1132 1357 1142 1371 ,
1175 1341 1193 1365 a
1223 1341 1304 1365 vera
1326 1328 1565 1377 graviditate‚
1601 1327 1672 1366 offa
1692 1327 1900 1378 priorisse·

336 1392 395 1422 tus
420 1383 540 1422 exiisse
563 1386 680 1431 vidit3
708 1388 748 1447 ip
764 1385 943 1425 cuniculo
963 1386 1023 1424 alii
1037 1385 1069 1434 i>
1091 1385 1128 1422 ὃς
1153 1384 1280 1423 similia
1300 1385 1384 1424 sunt
1403 1384 1560 1424 aliorum
1579 1385 1756 1436 exempla.

1759 1440 1897 1485 Nunc,

371 1494 411 1533 y]
432 1494 546 1524 VARRO
564 1495 595 1525 L.
611 1495 660 1525 HI.

377 1535 412 1570 z]
436 1535 523 1565 prm.
544 1535 573 1565 L.
589 1535 662 1566 Vlss.
684 1545 708 1565 c.
723 1546 769 1573 55.

377 1575 412 1610 ιι]
435 1585 461 1612 p.
476 1578 544 1610 406.

377 1616 411 1650 11]
435 1615 645 1646 Mauricum
660 1625 770 1654 p,107.

377 1657 408 1692 ι’]
433 1654 683 1694 ΜΑΝΝιΝεΗΑῴλ
705 1666 730 1693 p.
748 1666 795 1692 4¹.
826 1656 930 1688 Traite'
941 1659 975 1687 de
989 1654 1233 1695 laficperse'tation
1245 1666 1275 1695 p.
1290 1666 1337 1694 54.

376 1697 413 1733 d]
434 1696 556 1735 Advfflssfi
570 1699 610 1727 ΙΙ.
631 1704 669 1734 n.)
681 1707 724 1726 ιο,
741 1696 826 1737 muse.
841 1705 906 1727 uter
932 1708 958 1735 p.
974 1707 1016 1732 ¹4·

376 1737 406 1773 e]
428 1738 512 1767 Ριοτ
544 1739 642 1768 Νιιτιιν
660 1736 724 1777 llust.
743 1738 986 1777 osStqffbrdshire
997 1747 1025 1775 p.
1041 1745 1107 1774 233.

372 1778 414 1818 s]
437 1778 478 1807 lta
498 1777 660 1807 Beer-imru.
674 1777 744 1817 fasc.
758 1781 798 1809 ΙΙ.
815 1779 871 1808 obs
888 1789 912 1808 2.

373 1818 408 1857 g]
430 1818 512 1859 Epist.
525 1827 619 1856 propr.
642 1819 669 1849 ἃ
692 1819 720 1847 in
744 1821 844 1849 annal.
859 1821 922 1856 Jul.
944 1827 1009 1854 ann.
1028 1821 1113 1855 1726.
1132 1827 1170 1847 m.
1193 1817 1261 1854 Jun.
1285 1817 1360 1848 Add.
1375 1818 1449 1848 Phil.
1469 1816 1576 1858 Trans:
1593 1827 1621 1848 n.
1635 1823 1704 1854 484.
1727 1817 1898 1849 Semiusta

338 1867 420 1897 ampt
441 1863 491 1889 der
511 1861 740 1889 vroedvrotrwen
761 1870 785 1895 ρ,
804 1870 869 1893 223.

377 1900 413 1934 h]
435 1909 461 1936 p.
483 1904 551 1930 261.
575 1899 620 1928 bic
640 1900 731 1930 pror.
762 1901 895 1931 Natural.
913 1898 972 1938 hrst.
991 1896 1234 1937 of'Staffbrdshire
1249 1907 1277 1934 p.
1293 1908 1359 1934 259.

377 1940 407 1976 i]
432 1940 463 1970 V.
484 1950 543 1970 nn
566 1939 688 1970 STERRE
712 1952 775 1970 vnn
794 1944 845 1970 der
867 1943 976 1978 terling.
992 1949 1019 1977 p.
1041 1949 1104 1975 155.
1124 1943 1186 1972 156.
1211 1948 1274 1975 ¹57·
1319 1941 1497 1969 Arnumms
1523 1939 1551 1970 L.
1568 1939 1603 1970 Π.
1634 1949 1660 1970 e.
1682 1943 1729 1977 76.
1773 1938 1815 1968 M.
1838 1938 1900 1968 Do-

337 1988 451 2011 NATUS
475 1981 503 2011 L.
533 1980 579 2010 lV.
611 1990 635 2010 c.
663 1990 708 2011 22.
737 1983 810 2013 Phil.
836 1980 942 2020 Trans
967 1990 996 2010 n.
1014 1983 1080 2014 46¹·
1126 1979 1272 2008 Bonum:
1291 1977 1459 2018 stpulchret.
1484 1987 1561 2010 nnat.
1588 1981 1618 2011 L.
1636 1980 1683 2009 lll.
1715 1980 1743 2011 S.
1767 1988 1800 2015 37
1835 1988 1897 2017 app.

337 2031 366 2059 p.
384 2032 430 2059 99.
475 2021 571 2052 Ριοτ.
605 2020 815 2052 Barim-roim.
841 2024 917 2052 Ceut.
933 2023 986 2052 IV.
1014 2020 1075 2060 hzst.
1101 2030 1146 2054 ¹4-
1170 2021 1204 2049 de
1225 2018 1346 2059 msolitis
1368 2028 1470 2058 partus
1489 2023 1545 2050 viis
1562 2031 1585 2051 c.
1614 2027 1656 2055 ιε,
1690 2021 1765 2051 Phil.
1788 2017 1894 2060 Trans:

338 2071 367 2092 n.
384 2070 449 2099 243.
473 2071 535 2099 302.
565 2061 680 2092 Bixcn.
700 2062 735 2092 T.
752 2063 772 2093 I.
789 2073 816 2100 p,
833 2069 899 2099 276.
918 2071 983 2100 277.
1008 2061 1283 2091 Lunwmwmx
1301 2068 1380 2090 anat.
1403 2062 1442 2098 ἕξ
1460 2063 1606 2099 contempl.
1622 2071 1651 2099 p.
1667 2065 1733 2096 406.
1747 2062 1855 2098 Journ.
1866 2061 1901 2089 de

336 2105 423 2132 med]
435 2113 501 2133 ann.
526 2107 608 2140 ¹75⁶-
624 2113 659 2132 m.
672 2103 825 2133 Decembr.
848 2103 912 2134 Aa.
927 2105 998 2132 med.
1017 2101 1098 2132 hafn.
1114 2112 1140 2138 p.
1162 2110 1224 2138 107.
1247 2103 1273 2139 ὅς
1291 2102 1320 2130 in
1338 2101 1384 2132 Du
1401 2104 1473 2132 Bois
1490 2102 1550 2132 diff.
1567 2102 1679 2140 Efetus
1688 2108 1771 2131 extra
1782 2107 1900 2130 uterum

336 2145 520 2182 gravidum,
550 2143 634 2182 fizlva
659 2151 752 2174 matre
774 2144 859 2184 pottst
883 2146 993 2173 excludi
1018 2143 1090 2172 Paris
1114 2153 1179 2173 ann.
1200 2151 1283 2180 ¹7²7-
1309 2142 1435 2179 denique
1460 2144 1596 2173 Parum
1624 2153 1650 2180 p.
1672 2152 1713 2171 11.
1758 2141 1802 2170 Bis
1830 2150 1900 2169 con-

339 2185 434 2220 cepit,
453 2194 514 2221 quae
529 2183 604 2213 fetus
621 2184 784 2215 consumros
802 2192 845 2219 28.
864 2186 945 2214 annis
961 2186 988 2213 in
1009 2193 1092 2214 utero
1108 2183 1190 2222 geffit
1208 2184 1281 2214 Phil.
1302 2182 1407 2222 Trans
1425 2194 1453 2213 n.
1474 2193 1538 2213 202.
1585 2183 1657 2221 Quae
1681 2188 1810 2219 quartum
1837 2190 1900 2218 gra-

340 2225 403 2254 vida
427 2235 508 2261 erat,
531 2234 580 2262 per
615 2225 695 2255 ulcus
718 2225 801 2264 super
826 2226 882 2255 ossa
907 2226 989 2262 pubis
1011 2225 1086 2255 fetus
1112 2225 1243 2262 reliquias
1273 2224 1419 2259 reddidit,
1444 2235 1530 2262 quem
1547 2233 1614 2254 ante
1636 2224 1760 2262 primum
1785 2230 1900 2258 partum

341 2274 482 2301 conceper
502 2274 512 2295 t
537 2266 599 2295 ltid.
616 2275 643 2297 n.
658 2276 721 2302 243.
750 2268 821 2297 Cum
837 2267 911 2296 fetus
926 2268 954 2295 in
969 2273 1051 2296 utero
1077 2274 1204 2296 retentus
1219 2264 1313 2294 fuisset
1326 2288 1334 2300 ,
1368 2266 1471 2295 iterum
1498 2265 1614 2303 gravida
1639 2264 1744 2294 femina
1757 2285 1767 2300 ‚
1782 2260 1900 2292 officula
1946 2266 1950 2271 '

339 2314 391 2342 per
407 2306 534 2335 umbilici
551 2306 631 2336 uleus
648 2308 774 2337 reddidit
797 2311 902 2346 Journ.
919 2310 953 2337 de
965 2308 1049 2338 Mea.
1072 2312 1146 2345 1746
1170 2307 1239 2336 Dec.
1266 2307 1338 2343 Quae
1352 2307 1512 2344 parturiens
1529 2306 1619 2336 fetum
1633 2305 1808 2338 retinuerat,
1830 2311 1902 2332 eon-

341 2346 418 2381 cepit
432 2347 546 2380 iterum.
565 2347 722 2385 vitalesque
739 2349 846 2386 puellas
861 2349 983 2386 peperit,
1000 2352 1024 2377 ἀ
1044 2347 1169 2378 sceleton
1189 2355 1286 2376 tamen
1310 2353 1348 2381 ¹8.
1377 2348 1458 2376 annis
1477 2347 1505 2376 in
1521 2355 1604 2377 utero
1618 2345 1699 2385 geffit
1713 2343 1815 2373 Biaen
1832 2342 1894 2373 T.I.

347 2395 365 2422 p
384 2390 520 2422 276.277.
548 2388 624 2417 Olim
644 2390 822 2419 ALBUCASIS
837 2389 955 2419 similem
973 2389 1065 2419 casum
1081 2390 1162 2424 vidit,
1179 2387 1298 2425 postque
1312 2388 1484 2427 suppressum
1504 2395 1625 2426 partum,
1637 2396 1703 2416 cum
1721 2385 1826 2415 Femina
1845 2385 1897 2414 ite-

342 2435 407 2456 rum
422 2427 635 2466 concepimus<
647 2429 787 2461 secundus
799 2431 875 2461 fetus
884 2430 1018 2469 periisset,
1022 2439 1074 2468 per
1085 2430 1165 2462 ulcus
1179 2428 1308 2462 umbilici
1322 2430 1425 2469 prioris
1436 2430 1512 2460 fetus
1522 2427 1639 2460 officula
1654 2427 1779 2458 extraxit
1789 2425 1897 2463 11.c.7⁶
