<?xml version="1.0" encoding="UTF-8"?>
<!DOCTYPE html PUBLIC "-//W3C//DTD XHTML 1.0 Transitional//EN"
    "http://www.w3.org/TR/xhtml1/DTD/xhtml1-transitional.dtd">
<html xmlns="http://www.w3.org/1999/xhtml" xml:lang="en" lang="en">
 <head>
  <title>
</title>
<meta http-equiv="Content-Type" content="text/html;charset=utf-8" />
  <meta name='ocr-system' content='tesseract 3.04.00' />
  <meta name='ocr-capabilities' content='ocr_page ocr_carea ocr_par ocr_line ocrx_word'/>
</head>
<body>
  <div class='ocr_page' id='page_1' title='image "./elementaphysiolo08hall_0030.png"; bbox 0 0 1955 2732; ppageno 0'>
   <div class='ocr_carea' id='block_1_1' title="bbox 218 129 1318 176">
    <p class='ocr_par' dir='ltr' id='par_1_1' title="bbox 218 129 1318 176">
     <span class='ocr_line' id='line_1_1' title="bbox 218 129 1318 176; baseline -0.005 -1"><span class='ocrx_word' id='word_1_1' title='bbox 218 149 318 176; x_wconf 65' lang='lat' dir='ltr'><strong>xxiv</strong></span> <span class='ocrx_word' id='word_1_2' title='bbox 651 129 1318 173; x_wconf 74' lang='lat' dir='ltr'>PRAEFATIO.</span> 
     </span>
    </p>
   </div>
   <div class='ocr_carea' id='block_1_2' title="bbox 215 235 1784 1182">
    <p class='ocr_par' dir='ltr' id='par_1_2' title="bbox 215 235 1784 1182">
     <span class='ocr_line' id='line_1_2' title="bbox 215 235 1769 292; baseline -0.006 -10"><span class='ocrx_word' id='word_1_3' title='bbox 215 255 338 282; x_wconf 86' lang='lat' dir='ltr'><strong>mores</strong></span> <span class='ocrx_word' id='word_1_4' title='bbox 360 269 371 286; x_wconf 82' lang='lat'><strong>,</strong></span> <span class='ocrx_word' id='word_1_5' title='bbox 405 238 553 292; x_wconf 84' lang='lat' dir='ltr'><strong>quando</strong></span> <span class='ocrx_word' id='word_1_6' title='bbox 578 238 668 279; x_wconf 84' lang='lat' dir='ltr'><strong>dura</strong></span> <span class='ocrx_word' id='word_1_7' title='bbox 694 241 903 278; x_wconf 82' lang='lat' dir='ltr'><strong>membrana</strong></span> <span class='ocrx_word' id='word_1_8' title='bbox 921 267 931 283; x_wconf 94' lang='lat'><strong>,</strong></span> <span class='ocrx_word' id='word_1_9' title='bbox 969 246 1032 278; x_wconf 89' lang='lat' dir='ltr'><strong>aut</strong></span> <span class='ocrx_word' id='word_1_10' title='bbox 1058 239 1254 288; x_wconf 84' lang='lat' dir='ltr'><strong>ligamenta</strong></span> <span class='ocrx_word' id='word_1_11' title='bbox 1273 266 1283 282; x_wconf 90' lang='lat'><strong>,</strong></span> <span class='ocrx_word' id='word_1_12' title='bbox 1315 237 1436 276; x_wconf 83' lang='lat' dir='ltr'><strong>aliaeve</strong></span> <span class='ocrx_word' id='word_1_13' title='bbox 1470 243 1587 287; x_wconf 84' lang='lat' dir='ltr'><strong>partes</strong></span> <span class='ocrx_word' id='word_1_14' title='bbox 1617 235 1769 286; x_wconf 82' lang='lat' dir='ltr'><strong>profun-</strong></span> 
     </span>
     <span class='ocr_line' id='line_1_3' title="bbox 220 317 1771 372; baseline -0.005 -10"><span class='ocrx_word' id='word_1_15' title='bbox 220 325 342 362; x_wconf 88' lang='lat' dir='ltr'>diores</span> <span class='ocrx_word' id='word_1_16' title='bbox 375 323 606 372; x_wconf 86' lang='lat' dir='ltr'><strong>deteguntur.</strong></span> <span class='ocrx_word' id='word_1_17' title='bbox 664 320 796 372; x_wconf 86' lang='lat' dir='ltr'><strong>Aliqua</strong></span> <span class='ocrx_word' id='word_1_18' title='bbox 829 321 874 360; x_wconf 89' lang='lat' dir='ltr'><strong>ad</strong></span> <span class='ocrx_word' id='word_1_19' title='bbox 904 321 1094 359; x_wconf 79' lang='lat' dir='ltr'><strong>aeidorum</strong></span> <span class='ocrx_word' id='word_1_20' title='bbox 1127 320 1315 370; x_wconf 87' lang='lat' dir='ltr'><strong>liquorum</strong></span> <span class='ocrx_word' id='word_1_21' title='bbox 1346 318 1618 368; x_wconf 86' lang='lat' dir='ltr'>imprudentem</span> <span class='ocrx_word' id='word_1_22' title='bbox 1644 317 1771 366; x_wconf 88' lang='lat' dir='ltr'><strong>profu-</strong></span> 
     </span>
     <span class='ocr_line' id='line_1_4' title="bbox 218 397 1772 454; baseline -0.006 -11"><span class='ocrx_word' id='word_1_23' title='bbox 218 405 353 443; x_wconf 82' lang='lat' dir='ltr'><strong>fionem</strong></span> <span class='ocrx_word' id='word_1_24' title='bbox 373 432 383 448; x_wconf 89' lang='lat'><strong>,</strong></span> <span class='ocrx_word' id='word_1_25' title='bbox 416 404 481 454; x_wconf 89' lang='lat' dir='ltr'><strong>qui</strong></span> <span class='ocrx_word' id='word_1_26' title='bbox 503 404 587 442; x_wconf 84' lang='lat' dir='ltr'><strong>alias</strong></span> <span class='ocrx_word' id='word_1_27' title='bbox 604 432 614 447; x_wconf 93' lang='lat'>,</span> <span class='ocrx_word' id='word_1_28' title='bbox 649 404 745 441; x_wconf 90' lang='lat' dir='ltr'><strong>acuti</strong></span> <span class='ocrx_word' id='word_1_29' title='bbox 770 402 886 441; x_wconf 88' lang='lat' dir='ltr'><strong>sensus</strong></span> <span class='ocrx_word' id='word_1_30' title='bbox 908 430 918 446; x_wconf 90' lang='lat'><strong>,</strong></span> <span class='ocrx_word' id='word_1_31' title='bbox 949 409 1068 452; x_wconf 83' lang='lat' dir='ltr'><strong>partes</strong></span> <span class='ocrx_word' id='word_1_32' title='bbox 1092 402 1215 438; x_wconf 84' lang='lat' dir='ltr'><strong>irritat.</strong></span> <span class='ocrx_word' id='word_1_33' title='bbox 1270 400 1314 438; x_wconf 86' lang='lat' dir='ltr'><strong>Iu</strong></span> <span class='ocrx_word' id='word_1_34' title='bbox 1336 400 1412 437; x_wconf 85' lang='lat' dir='ltr'><strong>aliis</strong></span> <span class='ocrx_word' id='word_1_35' title='bbox 1432 399 1627 436; x_wconf 89' lang='lat' dir='ltr'><strong>vehemens</strong></span> <span class='ocrx_word' id='word_1_36' title='bbox 1645 397 1693 434; x_wconf 90' lang='lat' dir='ltr'><strong>est</strong></span> <span class='ocrx_word' id='word_1_37' title='bbox 1717 397 1772 434; x_wconf 88' lang='lat' dir='ltr'><strong>su-</strong></span> 
     </span>
     <span class='ocr_line' id='line_1_5' title="bbox 222 476 1771 537; baseline -0.007 -12"><span class='ocrx_word' id='word_1_38' title='bbox 222 487 349 537; x_wconf 85' lang='lat' dir='ltr'><strong>spicio&#39;</strong></span> <span class='ocrx_word' id='word_1_39' title='bbox 365 485 449 523; x_wconf 83' lang='lat' dir='ltr'><strong>alias</strong></span> <span class='ocrx_word' id='word_1_40' title='bbox 477 486 644 534; x_wconf 84' lang='lat' dir='ltr'><strong>corporis</strong></span> <span class='ocrx_word' id='word_1_41' title='bbox 669 483 831 522; x_wconf 85' lang='lat' dir='ltr'><strong>animalis</strong></span> <span class='ocrx_word' id='word_1_42' title='bbox 859 490 1002 533; x_wconf 84' lang='lat' dir='ltr'><strong>partes,</strong></span> <span class='ocrx_word' id='word_1_43' title='bbox 1032 483 1069 519; x_wconf 72' lang='grc' dir='ltr'><strong>δε</strong></span> <span class='ocrx_word' id='word_1_44' title='bbox 1095 481 1320 532; x_wconf 69' lang='grc' dir='ltr'><strong>ΡοῐιΠὶιηυηι</strong></span> <span class='ocrx_word' id='word_1_45' title='bbox 1336 493 1468 519; x_wconf 89' lang='lat' dir='ltr'><strong>nervos</strong></span> <span class='ocrx_word' id='word_1_46' title='bbox 1483 478 1584 517; x_wconf 79' lang='lat' dir='ltr'><strong>fuisse</strong></span> <span class='ocrx_word' id='word_1_47' title='bbox 1602 477 1701 516; x_wconf 82' lang='lat' dir='ltr'><strong>laesos</strong></span> <span class='ocrx_word' id='word_1_48' title='bbox 1718 476 1771 521; x_wconf 82' lang='lat' dir='ltr'><strong>n),</strong></span> 
     </span>
     <span class='ocr_line' id='line_1_6' title="bbox 219 559 1772 614; baseline -0.006 -9"><span class='ocrx_word' id='word_1_49' title='bbox 219 574 281 606; x_wconf 79' lang='lat' dir='ltr'><strong>aut</strong></span> <span class='ocrx_word' id='word_1_50' title='bbox 308 565 580 605; x_wconf 84' lang='lat' dir='ltr'><strong>incertiffimum</strong></span> <span class='ocrx_word' id='word_1_51' title='bbox 612 566 660 603; x_wconf 91' lang='lat' dir='ltr'><strong>est</strong></span> <span class='ocrx_word' id='word_1_52' title='bbox 677 593 687 608; x_wconf 94' lang='lat'>‚</span> <span class='ocrx_word' id='word_1_53' title='bbox 720 565 809 614; x_wconf 92' lang='lat' dir='ltr'><strong>quid</strong></span> <span class='ocrx_word' id='word_1_54' title='bbox 832 564 953 602; x_wconf 84' lang='lat' dir='ltr'><strong>laesum</strong></span> <span class='ocrx_word' id='word_1_55' title='bbox 976 563 1016 601; x_wconf 88' lang='lat' dir='ltr'><strong>fit</strong></span> <span class='ocrx_word' id='word_1_56' title='bbox 1040 562 1084 607; x_wconf 87' lang='grc' dir='ltr'><strong>ο).</strong></span> <span class='ocrx_word' id='word_1_57' title='bbox 1143 562 1222 600; x_wconf 86' lang='lat' dir='ltr'><strong>Alia</strong></span> <span class='ocrx_word' id='word_1_58' title='bbox 1246 563 1351 601; x_wconf 87' lang='lat' dir='ltr'><strong>liceat</strong></span> <span class='ocrx_word' id='word_1_59' title='bbox 1384 561 1475 598; x_wconf 89' lang='lat' dir='ltr'><strong>mihi</strong></span> <span class='ocrx_word' id='word_1_60' title='bbox 1499 561 1615 598; x_wconf 92' lang='lat' dir='ltr'><strong>invito</strong></span> <span class='ocrx_word' id='word_1_61' title='bbox 1649 559 1772 600; x_wconf 83' lang='lat' dir='ltr'><strong>fateri,</strong></span> 
     </span>
     <span class='ocr_line' id='line_1_7' title="bbox 221 640 1776 699; baseline -0.006 -13"><span class='ocrx_word' id='word_1_62' title='bbox 221 648 323 699; x_wconf 88' lang='lat' dir='ltr'><strong>quod</strong></span> <span class='ocrx_word' id='word_1_63' title='bbox 353 648 396 684; x_wconf 86' lang='lat' dir='ltr'><strong>ad</strong></span> <span class='ocrx_word' id='word_1_64' title='bbox 429 659 554 685; x_wconf 89' lang='lat' dir='ltr'><strong>meum</strong></span> <span class='ocrx_word' id='word_1_65' title='bbox 588 653 753 684; x_wconf 85' lang='lat' dir='ltr'><strong>tutamen</strong></span> <span class='ocrx_word' id='word_1_66' title='bbox 791 644 1007 682; x_wconf 74' lang='lat' dir='ltr'><strong>dissimulare</strong></span> <span class='ocrx_word' id='word_1_67' title='bbox 1035 656 1113 681; x_wconf 92' lang='lat' dir='ltr'><strong>non</strong></span> <span class='ocrx_word' id='word_1_68' title='bbox 1141 642 1284 693; x_wconf 76' lang='lat' dir='ltr'><strong>possum</strong></span> <span class='ocrx_word' id='word_1_69' title='bbox 1303 672 1312 686; x_wconf 95' lang='lat'>,</span> <span class='ocrx_word' id='word_1_70' title='bbox 1345 642 1389 680; x_wconf 89' lang='lat' dir='ltr'><strong>ad</strong></span> <span class='ocrx_word' id='word_1_71' title='bbox 1417 643 1693 691; x_wconf 82' lang='lat' dir='ltr'><strong>inexpertorum</strong></span> <span class='ocrx_word' id='word_1_72' title='bbox 1720 640 1776 686; x_wconf 87' lang='lat' dir='ltr'><strong>ju-</strong></span> 
     </span>
     <span class='ocr_line' id='line_1_8' title="bbox 222 721 1777 778; baseline -0.006 -12"><span class='ocrx_word' id='word_1_73' title='bbox 222 741 359 767; x_wconf 88' lang='lat' dir='ltr'><strong>venum</strong></span> <span class='ocrx_word' id='word_1_74' title='bbox 383 729 501 778; x_wconf 90' lang='lat' dir='ltr'><strong>prima</strong></span> <span class='ocrx_word' id='word_1_75' title='bbox 520 729 718 765; x_wconf 84' lang='lat' dir='ltr'>tentamina</span> <span class='ocrx_word' id='word_1_76' title='bbox 732 756 743 771; x_wconf 85' lang='lat'>,</span> <span class='ocrx_word' id='word_1_77' title='bbox 769 726 814 764; x_wconf 85' lang='lat' dir='ltr'><strong>ad</strong></span> <span class='ocrx_word' id='word_1_78' title='bbox 839 726 1067 765; x_wconf 85' lang='lat' dir='ltr'><strong>voluntatem</strong></span> <span class='ocrx_word' id='word_1_79' title='bbox 1089 726 1195 762; x_wconf 87' lang='lat' dir='ltr'><strong>etiam</strong></span> <span class='ocrx_word' id='word_1_80' title='bbox 1217 724 1357 766; x_wconf 87' lang='lat' dir='ltr'><strong>refero,</strong></span> <span class='ocrx_word' id='word_1_81' title='bbox 1380 723 1582 760; x_wconf 89' lang='lat' dir='ltr'><strong>contrarios</strong></span> <span class='ocrx_word' id='word_1_82' title='bbox 1605 721 1695 758; x_wconf 90' lang='lat' dir='ltr'><strong>meis</strong></span> <span class='ocrx_word' id='word_1_83' title='bbox 1715 731 1777 757; x_wconf 83' lang='lat' dir='ltr'><strong>ex-</strong></span> 
     </span>
     <span class='ocr_line' id='line_1_9' title="bbox 223 800 1779 860; baseline -0.006 -13"><span class='ocrx_word' id='word_1_84' title='bbox 223 811 425 860; x_wconf 86' lang='lat' dir='ltr'><strong>perimenta</strong></span> <span class='ocrx_word' id='word_1_85' title='bbox 453 810 690 857; x_wconf 86' lang='lat' dir='ltr'><strong>cupientium.</strong></span> <span class='ocrx_word' id='word_1_86' title='bbox 738 807 828 846; x_wconf 90' lang='lat' dir='ltr'><strong>Non</strong></span> <span class='ocrx_word' id='word_1_87' title='bbox 851 807 953 845; x_wconf 83' lang='lat' dir='ltr'><strong>aliter</strong></span> <span class='ocrx_word' id='word_1_88' title='bbox 971 805 1052 844; x_wconf 87' lang='lat' dir='ltr'><strong>finit</strong></span> <span class='ocrx_word' id='word_1_89' title='bbox 1074 817 1142 843; x_wconf 89' lang='lat' dir='ltr'><strong>nos</strong></span> <span class='ocrx_word' id='word_1_90' title='bbox 1163 805 1218 843; x_wconf 82' lang='lat' dir='ltr'><strong>vel</strong></span> <span class='ocrx_word' id='word_1_91' title='bbox 1237 806 1410 843; x_wconf 86' lang='lat' dir='ltr'>acerbitas</span> <span class='ocrx_word' id='word_1_92' title='bbox 1431 803 1584 845; x_wconf 87' lang='lat' dir='ltr'><strong>sentire,</strong></span> <span class='ocrx_word' id='word_1_93' title='bbox 1617 814 1688 851; x_wconf 88' lang='lat' dir='ltr'><strong>qua</strong></span> <span class='ocrx_word' id='word_1_94' title='bbox 1708 800 1779 838; x_wconf 90' lang='lat' dir='ltr'><strong>ho-</strong></span> 
     </span>
     <span class='ocr_line' id='line_1_10' title="bbox 225 881 1777 939; baseline -0.007 -10"><span class='ocrx_word' id='word_1_95' title='bbox 225 903 306 929; x_wconf 82' lang='lat' dir='ltr'><strong>rum</strong></span> <span class='ocrx_word' id='word_1_96' title='bbox 325 892 491 928; x_wconf 88' lang='lat' dir='ltr'><strong>virorum</strong></span> <span class='ocrx_word' id='word_1_97' title='bbox 509 889 617 928; x_wconf 90' lang='lat' dir='ltr'><strong>multi</strong></span> <span class='ocrx_word' id='word_1_98' title='bbox 640 890 979 939; x_wconf 80' lang='lat' dir='ltr'><strong>experimentorum</strong></span> <span class='ocrx_word' id='word_1_99' title='bbox 998 885 1332 925; x_wconf 84' lang='lat' dir='ltr'><strong>innocentiffimum</strong></span> <span class='ocrx_word' id='word_1_100' title='bbox 1361 885 1546 923; x_wconf 63' lang='lat' dir='ltr'><strong>auttorem</strong></span> <span class='ocrx_word' id='word_1_101' title='bbox 1574 881 1750 920; x_wconf 89' lang='lat' dir='ltr'><strong>invadunt</strong></span> <span class='ocrx_word' id='word_1_102' title='bbox 1769 893 1777 918; x_wconf 92' lang='lat'>:</span> 
     </span>
     <span class='ocr_line' id='line_1_11' title="bbox 225 964 1781 1020; baseline -0.006 -11"><span class='ocrx_word' id='word_1_103' title='bbox 225 984 303 1009; x_wconf 90' lang='lat' dir='ltr'><strong>non</strong></span> <span class='ocrx_word' id='word_1_104' title='bbox 337 972 438 1009; x_wconf 83' lang='lat' dir='ltr'><strong>aliter</strong></span> <span class='ocrx_word' id='word_1_105' title='bbox 461 970 638 1008; x_wconf 85' lang='lat' dir='ltr'><strong>manifesti</strong></span> <span class='ocrx_word' id='word_1_106' title='bbox 652 969 694 1018; x_wconf 83' lang='lat' dir='ltr'><strong>p)</strong></span> <span class='ocrx_word' id='word_1_107' title='bbox 718 972 756 1008; x_wconf 88' lang='lat' dir='ltr'><strong>in</strong></span> <span class='ocrx_word' id='word_1_108' title='bbox 780 971 1038 1020; x_wconf 84' lang='lat' dir='ltr'><strong>experimentis</strong></span> <span class='ocrx_word' id='word_1_109' title='bbox 1063 966 1240 1007; x_wconf 86' lang='lat' dir='ltr'><strong>commiffi</strong></span> <span class='ocrx_word' id='word_1_110' title='bbox 1261 978 1406 1005; x_wconf 90' lang='lat' dir='ltr'><strong>errores.</strong></span> <span class='ocrx_word' id='word_1_111' title='bbox 1450 964 1674 1012; x_wconf 89' lang='lat' dir='ltr'><strong>Chirurgos,</strong></span> <span class='ocrx_word' id='word_1_112' title='bbox 1694 974 1781 1012; x_wconf 91' lang='lat' dir='ltr'><strong>pru-</strong></span> 
     </span>
     <span class='ocr_line' id='line_1_12' title="bbox 227 1043 1782 1102; baseline -0.007 -12"><span class='ocrx_word' id='word_1_113' title='bbox 227 1053 355 1090; x_wconf 84' lang='lat' dir='ltr'><strong>denter</strong></span> <span class='ocrx_word' id='word_1_114' title='bbox 379 1053 718 1102; x_wconf 82' lang='lat' dir='ltr'><strong>opportunitatibus</strong></span> <span class='ocrx_word' id='word_1_115' title='bbox 748 1052 785 1088; x_wconf 92' lang='lat' dir='ltr'><strong>in</strong></span> <span class='ocrx_word' id='word_1_116' title='bbox 811 1051 1024 1089; x_wconf 91' lang='lat' dir='ltr'><strong>hominibus</strong></span> <span class='ocrx_word' id='word_1_117' title='bbox 1052 1050 1246 1089; x_wconf 84' lang='lat' dir='ltr'><strong>vulneratis</strong></span> <span class='ocrx_word' id='word_1_118' title='bbox 1276 1048 1386 1086; x_wconf 87' lang='lat' dir='ltr'><strong>usos:</strong></span> <span class='ocrx_word' id='word_1_119' title='bbox 1417 1046 1587 1084; x_wconf 88' lang='lat' dir='ltr'><strong>incisores</strong></span> <span class='ocrx_word' id='word_1_120' title='bbox 1615 1043 1782 1093; x_wconf 85' lang='lat' dir='ltr'><strong>scalpello</strong></span> 
     </span>
     <span class='ocr_line' id='line_1_13' title="bbox 227 1125 1784 1182; baseline -0.006 -11"><span class='ocrx_word' id='word_1_121' title='bbox 227 1133 394 1171; x_wconf 83' lang='lat' dir='ltr'><strong>adsuetos</strong></span> <span class='ocrx_word' id='word_1_122' title='bbox 414 1160 424 1176; x_wconf 93' lang='lat'><strong>,</strong></span> <span class='ocrx_word' id='word_1_123' title='bbox 457 1133 494 1170; x_wconf 87' lang='lat'>&amp;</span> <span class='ocrx_word' id='word_1_124' title='bbox 516 1134 580 1182; x_wconf 91' lang='lat' dir='ltr'><strong>qui</strong></span> <span class='ocrx_word' id='word_1_125' title='bbox 602 1132 728 1170; x_wconf 90' lang='lat' dir='ltr'><strong>volent</strong></span> <span class='ocrx_word' id='word_1_126' title='bbox 748 1134 786 1169; x_wconf 91' lang='lat' dir='ltr'><strong>in</strong></span> <span class='ocrx_word' id='word_1_127' title='bbox 806 1132 897 1170; x_wconf 89' lang='lat' dir='ltr'><strong>vivis</strong></span> <span class='ocrx_word' id='word_1_128' title='bbox 920 1131 1133 1169; x_wconf 82' lang='lat' dir='ltr'><strong>animalibus</strong></span> <span class='ocrx_word' id='word_1_129' title='bbox 1155 1129 1286 1179; x_wconf 84' lang='lat' dir='ltr'><strong>absque</strong></span> <span class='ocrx_word' id='word_1_130' title='bbox 1310 1127 1494 1166; x_wconf 83' lang='lat' dir='ltr'><strong>contrario</strong></span> <span class='ocrx_word' id='word_1_131' title='bbox 1524 1132 1615 1164; x_wconf 90' lang='lat' dir='ltr'><strong>voto</strong></span> <span class='ocrx_word' id='word_1_132' title='bbox 1630 1152 1640 1168; x_wconf 92' lang='lat'>,</span> <span class='ocrx_word' id='word_1_133' title='bbox 1667 1125 1784 1174; x_wconf 88' lang='lat' dir='ltr'><strong>perite</strong></span> 
     </span>
    </p>
   </div>
   <div class='ocr_carea' id='block_1_3' title="bbox 230 1203 1784 1333">
    <p class='ocr_par' dir='ltr' id='par_1_3' title="bbox 230 1203 1784 1333">
     <span class='ocr_line' id='line_1_14' title="bbox 230 1203 1784 1264; baseline -0.006 -13"><span class='ocrx_word' id='word_1_134' title='bbox 230 1213 267 1251; x_wconf 92' lang='lat'>&amp;</span> <span class='ocrx_word' id='word_1_135' title='bbox 294 1214 504 1264; x_wconf 89' lang='lat' dir='ltr'><strong>frequenter</strong></span> <span class='ocrx_word' id='word_1_136' title='bbox 525 1213 603 1252; x_wconf 84' lang='lat' dir='ltr'><strong>haec</strong></span> <span class='ocrx_word' id='word_1_137' title='bbox 627 1214 876 1263; x_wconf 84' lang='lat' dir='ltr'><strong>experimenta</strong></span> <span class='ocrx_word' id='word_1_138' title='bbox 894 1213 1021 1250; x_wconf 84' lang='lat' dir='ltr'><strong>iterare</strong></span> <span class='ocrx_word' id='word_1_139' title='bbox 1040 1239 1051 1254; x_wconf 91' lang='lat'>,</span> <span class='ocrx_word' id='word_1_140' title='bbox 1083 1210 1257 1261; x_wconf 86' lang='lat' dir='ltr'><strong>paulatim</strong></span> <span class='ocrx_word' id='word_1_141' title='bbox 1281 1208 1376 1247; x_wconf 84' lang='lat' dir='ltr'><strong>hanc</strong></span> <span class='ocrx_word' id='word_1_142' title='bbox 1406 1208 1510 1246; x_wconf 91' lang='lat' dir='ltr'><strong>litem</strong></span> <span class='ocrx_word' id='word_1_143' title='bbox 1527 1206 1632 1256; x_wconf 85' lang='lat' dir='ltr'><strong>spero</strong></span> <span class='ocrx_word' id='word_1_144' title='bbox 1656 1203 1784 1242; x_wconf 86' lang='lat' dir='ltr'><strong>defini-</strong></span> 
     </span>
     <span class='ocr_line' id='line_1_15' title="bbox 231 1301 344 1333; baseline -0.009 -1"><span class='ocrx_word' id='word_1_145' title='bbox 231 1301 344 1333; x_wconf 84' lang='lat' dir='ltr'><strong>turos.</strong></span> 
     </span>
    </p>
   </div>
   <div class='ocr_carea' id='block_1_4' title="bbox 232 1396 1786 1537">
    <p class='ocr_par' dir='ltr' id='par_1_4' title="bbox 232 1396 1786 1537">
     <span class='ocr_line' id='line_1_16' title="bbox 344 1396 1786 1455; baseline -0.008 -11"><span class='ocrx_word' id='word_1_146' title='bbox 344 1405 426 1454; x_wconf 88' lang='lat' dir='ltr'><strong>Ego</strong></span> <span class='ocrx_word' id='word_1_147' title='bbox 451 1417 540 1443; x_wconf 88' lang='lat' dir='ltr'><strong>vero</strong></span> <span class='ocrx_word' id='word_1_148' title='bbox 561 1405 678 1455; x_wconf 88' lang='lat' dir='ltr'><strong>longo</strong></span> <span class='ocrx_word' id='word_1_149' title='bbox 697 1417 756 1443; x_wconf 91' lang='lat' dir='ltr'><strong>me</strong></span> <span class='ocrx_word' id='word_1_150' title='bbox 776 1404 925 1444; x_wconf 90' lang='lat' dir='ltr'><strong>absolvo</strong></span> <span class='ocrx_word' id='word_1_151' title='bbox 939 1404 1064 1442; x_wconf 87' lang='lat' dir='ltr'><strong>labore</strong></span> <span class='ocrx_word' id='word_1_152' title='bbox 1079 1432 1089 1446; x_wconf 85' lang='lat'>‚</span> <span class='ocrx_word' id='word_1_153' title='bbox 1122 1403 1224 1442; x_wconf 84' lang='lat' dir='ltr'><strong>laetus</strong></span> <span class='ocrx_word' id='word_1_154' title='bbox 1247 1401 1272 1440; x_wconf 88' lang='lat' dir='ltr'>fi</span> <span class='ocrx_word' id='word_1_155' title='bbox 1295 1403 1367 1440; x_wconf 84' lang='lat' dir='ltr'><strong>vita</strong></span> <span class='ocrx_word' id='word_1_156' title='bbox 1386 1397 1583 1451; x_wconf 86' lang='lat' dir='ltr'><strong>quaerendo</strong></span> <span class='ocrx_word' id='word_1_157' title='bbox 1604 1407 1694 1435; x_wconf 79' lang='lat' dir='ltr'><strong>vero</strong></span> <span class='ocrx_word' id='word_1_158' title='bbox 1715 1396 1786 1434; x_wconf 87' lang='lat' dir='ltr'><strong>im-</strong></span> 
     </span>
     <span class='ocr_line' id='line_1_17' title="bbox 232 1485 1017 1537; baseline 0 -13"><span class='ocrx_word' id='word_1_159' title='bbox 232 1486 342 1537; x_wconf 87' lang='lat' dir='ltr'><strong>pensa</strong></span> <span class='ocrx_word' id='word_1_160' title='bbox 370 1486 491 1524; x_wconf 88' lang='lat' dir='ltr'><strong>seculo</strong></span> <span class='ocrx_word' id='word_1_161' title='bbox 520 1498 604 1524; x_wconf 85' lang='lat' dir='ltr'><strong>meo</strong></span> <span class='ocrx_word' id='word_1_162' title='bbox 630 1499 707 1524; x_wconf 91' lang='lat' dir='ltr'><strong>non</strong></span> <span class='ocrx_word' id='word_1_163' title='bbox 729 1486 867 1524; x_wconf 88' lang='lat' dir='ltr'><strong>inutilis</strong></span> <span class='ocrx_word' id='word_1_164' title='bbox 893 1485 972 1524; x_wconf 64' lang='lat' dir='ltr'><strong>fuit„</strong></span> <span class='ocrx_word' id='word_1_165' title='bbox 1012 1495 1017 1505; x_wconf 51' lang='lat'>⁸</span> 
     </span>
    </p>
   </div>
   <div class='ocr_carea' id='block_1_5' title="bbox 235 1566 1093 1616">
    <p class='ocr_par' dir='ltr' id='par_1_5' title="bbox 235 1566 1093 1616">
     <span class='ocr_line' id='line_1_18' title="bbox 235 1566 1093 1616; baseline -0.003 -11"><span class='ocrx_word' id='word_1_166' title='bbox 235 1567 360 1605; x_wconf 88' lang='lat' dir='ltr'><strong>BER</strong></span> <span class='ocrx_word' id='word_1_167' title='bbox 377 1567 481 1605; x_wconf 88' lang='lat' dir='ltr'><strong>NAE</strong></span> <span class='ocrx_word' id='word_1_168' title='bbox 504 1566 645 1611; x_wconf 77' lang='lat' dir='ltr'><strong>Helvet.</strong></span> <span class='ocrx_word' id='word_1_169' title='bbox 678 1567 738 1605; x_wconf 90' lang='lat' dir='ltr'><strong>die</strong></span> <span class='ocrx_word' id='word_1_170' title='bbox 765 1579 795 1605; x_wconf 90' lang='lat'><strong>1.</strong></span> <span class='ocrx_word' id='word_1_171' title='bbox 822 1567 915 1616; x_wconf 89' lang='lat' dir='ltr'><strong>Aug.</strong></span> <span class='ocrx_word' id='word_1_172' title='bbox 955 1572 1093 1613; x_wconf 80' lang='lat'>1765.</span> 
     </span>
    </p>
   </div>
   <div class='ocr_carea' id='block_1_6' title="bbox 271 1705 808 1825">
    <p class='ocr_par' dir='ltr' id='par_1_6' title="bbox 271 1705 808 1825">
     <span class='ocr_line' id='line_1_19' title="bbox 277 1705 525 1743; baseline 0.004 -9"><span class='ocrx_word' id='word_1_173' title='bbox 277 1705 314 1741; x_wconf 77' lang='lat' dir='ltr'><strong>n)</strong></span> <span class='ocrx_word' id='word_1_174' title='bbox 335 1715 364 1743; x_wconf 82' lang='lat' dir='ltr'><strong>p.</strong></span> <span class='ocrx_word' id='word_1_175' title='bbox 378 1708 445 1740; x_wconf 82' lang='lat'><strong>269.</strong></span> <span class='ocrx_word' id='word_1_176' title='bbox 459 1708 525 1742; x_wconf 86' lang='lat'><strong>276.</strong></span> 
     </span>
     <span class='ocr_line' id='line_1_20' title="bbox 281 1746 445 1783; baseline -0.018 -8"><span class='ocrx_word' id='word_1_177' title='bbox 281 1746 311 1781; x_wconf 80' lang='grc' dir='ltr'><strong>ο)</strong></span> <span class='ocrx_word' id='word_1_178' title='bbox 334 1756 360 1783; x_wconf 86' lang='lat' dir='ltr'><strong>p.</strong></span> <span class='ocrx_word' id='word_1_179' title='bbox 379 1750 445 1777; x_wconf 86' lang='lat'>268.</span> 
     </span>
     <span class='ocr_line' id='line_1_21' title="bbox 271 1782 808 1825; baseline -0.006 -8"><span class='ocrx_word' id='word_1_180' title='bbox 271 1785 303 1823; x_wconf 75' lang='lat' dir='ltr'><strong>p)</strong></span> <span class='ocrx_word' id='word_1_181' title='bbox 324 1787 413 1817; x_wconf 84' lang='lat' dir='ltr'><strong>Elem.</strong></span> <span class='ocrx_word' id='word_1_182' title='bbox 427 1782 511 1823; x_wconf 70' lang='lat' dir='ltr'><em>Phys]</em></span> <span class='ocrx_word' id='word_1_183' title='bbox 526 1784 558 1818; x_wconf 85' lang='lat' dir='ltr'><strong>L.</strong></span> <span class='ocrx_word' id='word_1_184' title='bbox 570 1783 608 1816; x_wconf 87' lang='lat' dir='ltr'><strong>X.</strong></span> <span class='ocrx_word' id='word_1_185' title='bbox 624 1793 651 1823; x_wconf 85' lang='lat' dir='ltr'><strong>p.</strong></span> <span class='ocrx_word' id='word_1_186' title='bbox 668 1792 808 1825; x_wconf 49' lang='lat' dir='ltr'><strong>noan.</strong></span> 
     </span>
    </p>
   </div>
   <div class='ocr_carea' id='block_1_7' title="bbox 973 1973 1134 2010">
    <p class='ocr_par' dir='ltr' id='par_1_7' title="bbox 973 1973 1134 2010">
     <span class='ocr_line' id='line_1_22' title="bbox 973 1973 1134 2010; baseline -0.019 0"><span class='ocrx_word' id='word_1_187' title='bbox 973 1973 1134 2010; x_wconf 53' lang='grc' dir='ltr'><strong><em>ΗῬΜΝ.</em></strong></span> 
     </span>
    </p>
   </div>
  </div>
 </body>
</html>
