1955 2732
259 168 344 228 περ
703 138 1339 204 ΑΒΙῇΕΝΒΑ.·

245 256 347 299 Μέά.
381 269 463 298 ann.
490 264 606 305 1763.
630 272 680 298 m.
704 256 843 298 octobr.
861 261 897 296 δε
913 258 1149 297 meridianam
1175 259 1424 310 amblyopiam
1442 286 1452 302 ‚
1497 263 1597 309 cujus
1634 262 1852 310 peculiarem

246 321 355 358 etiam
390 319 531 359 causam
562 322 700 358 invenit
731 320 815 358 ibid.
847 332 882 369 p.
915 326 1011 364 289.
1061 318 1250 368 Ejusmodi
1284 319 1366 358 sunt
1391 318 1443 356 illi
1477 321 1667 360 [akerlaki
1685 322 1755 360 ssve
1773 315 1847 363 albi

251 379 450 431 Aethiopes
477 392 512 430 p.
541 387 632 424 ¹78·

314 439 347 477 P.
370 451 463 485 503.
496 439 713 479 Densationi
740 434 943 477 hum'orum
980 438 1017 476 &
1049 440 1343 478 membranarum
1375 438 1508 479 tribuas
1547 440 1845 480 emendationem

249 497 343 537 visus
366 499 482 546 senilis
502 527 513 542 ,
546 507 588 538 ut
611 499 695 550 post
722 506 784 541 80.
820 510 958 536 annum
988 501 1170 548 patritius,
1205 498 1425 549 amplissunis
1469 502 1680 540 muneribus
1717 501 1843 541 defun.

250 557 326 596 &us
346 587 356 602 ,
391 558 645 609 conspicillum
677 559 856 607 abjecerit.
899 557 1035 596 Eadem
1071 558 1260 596 instituio
1291 560 1324 596 le
1348 560 1378 597 C
1389 570 1478 596 LE«
1498 573 1517 597 c
1548 560 1696 599 fortuna
1729 561 1808 600 fuit.
1844 602 1847 605 ,

310 618 349 657 Ρ.
374 628 466 664 5¹7·
501 618 618 657 Etiam
648 619 687 657 in
713 619 845 668 opticis
870 619 1117 657 instrumentis
1155 626 1288 657 notum
1321 618 1392 662 est,
1429 619 1555 658 arctata
1580 612 1850 670 ‚diaphragma-⁵

250 679 296 715 tis
329 678 468 727 pupilla
495 678 622 717 focum
651 680 891 717 remotiorem
916 677 992 716 fieri
1029 679 1124 716 Snu
1143 690 1301 716 vaoes
1341 679 1441 728 mosol.
1476 682 1510 715 l*
1557 678 1593 717 P.
1613 691 1647 717 2.
1677 691 1711 730 p.
1741 691 1841 731 273..

255 748 304 775 ex
331 736 386 776 Cl.
415 736 447 776 L
462 751 480 775 Α
496 751 519 776 Η
534 750 548 775 1
564 752 583 775 n
596 750 627 776 E.
658 737 790 788 Neque
815 737 917 776 causa
934 738 1170 788 phaenomeni
1195 738 1453 777 obscuritatem
1471 738 1587 777 habet.
1626 739 1724 778 Cum
1742 743 1848 779 enim

255 797 352 835 arcta
376 797 515 847 pupilla
541 797 639 836 solos
667 798 788 836 radios
818 805 948 836 centro
983 798 1181 847 proximos
1211 798 1451 842 transmittat,
1486 798 1593 843 latior
1623 801 1732 837 etiam
1758 800 1843 838 late-

253 855 365 894 rales:
400 857 438 894 &
456 869 543 896 cum
557 856 594 895 hi
607 885 619 900 ,
654 864 695 896 ut
710 859 747 895 in
784 856 945 895 eundem
968 855 1096 896 focum
1113 860 1259 896 veniant
1274 888 1282 901 ,
1302 860 1433 907 majori
1449 860 1576 896 vivitri
1594 857 1853 898 connectenda

253 924 386 965 egeant
405 945 417 960 ,
459 917 623 967 alioquin
647 917 842 955 remotiori
874 918 914 955 in
931 916 1069 967 puncto
1094 919 1334 958 conventuri.
1369 917 1394 954 fi
1413 918 1546 956 eodem
1566 931 1585 956 a
1609 920 1705 956 vitro
1739 918 1853 958 colli:

251 985 407 1027 guntur,
436 976 607 1026 adparet,
635 982 713 1027 quo
730 977 853 1027 plures
875 976 1072 1015 adveniunt
1088 976 1248 1015 laterales
1272 978 1361 1015 radii
1393 990 1437 1015 eo
1472 977 1581 1016 serius
1612 980 1840 1028 congregari,

312 1036 350 1077 P.
376 1047 470 1084 523.
505 1035 715 1076 Reticulum
741 1035 956 1075 umbrosum
981 1037 1022 1074 in
1050 1048 1159 1074 muro
1179 1049 1198 1074 a
1215 1036 1290 1076 sole
1316 1036 1491 1076 illustrato
1515 1037 1705 1087 adparere,
1740 1038 1843 1089 quod

253 1096 300 1135 ad
325 1109 394 1135 nos
439 1096 587 1139 accedat
615 1097 652 1134 &
688 1095 851 1143 recedat3
883 1094 952 1134 effe
993 1095 1031 1134 id
1075 1097 1263 1135 manifesto
1294 1097 1477 1135 arteriolas
1513 1089 1686 1136 micante}
1719 1100 1854 1139 retinae,

255 1156 518 1194 SAUVAGES
543 1155 567 1194 l.
593 1168 625 1196 e.
646 1155 690 1194 T.
711 1155 774 1195 ΙΙΙ.
807 1156 842 1196 P.
866 1155 893 1195 1.
925 1160 960 1206 p.
986 1162 1083 1193 261.
1119 1155 1250 1208 Neque
1285 1158 1383 1195 enIm
1413 1156 1478 1195 alia
1511 1158 1550 1195 in
1586 1165 1687 1207 parte
1720 1158 1841 1202 oculi,

253 1223 294 1255 ut
316 1214 545 1255 in'humore
577 1228 717 1267 aqueo,
753 1218 866 1255 autin
883 1215 1083 1267 crystallina
1101 1244 1113 1259 ,
1145 1218 1245 1256 lente
1277 1217 1354 1256 vasa
1384 1217 1564 1266 ejusmodi
1595 1219 1764 1256 micantia
1791 1219 1845 1256 vi·-

252 1275 358 1314 deris.
1851 1327 1854 1330 y

314 1336 349 1374 Ρ.
383 1344 478 1381 527.
526 1335 773 1382 Adamantum
804 1335 959 1374 similem
994 1334 1121 1376 seriem
1156 1338 1371 1376 micantium
1410 1335 1713 1386 corpusculorum
1744 1335 1842 1381 vidi„

254 1407 341 1433 cum
357 1392 473 1433 oculis
490 1397 530 1432 in
553 1395 757 1432 meridiano
780 1395 880 1438 sole,
914 1396 960 1434 ad
986 1397 1142 1435 videnda
1165 1397 1242 1435 vasa
1274 1397 1440 1435 humoris
1469 1398 1598 1440 vitrei,
1632 1395 1759 1435 abusus
1790 1407 1845 1435 es-

249 1453 334 1493 stm.
367 1451 452 1493 Erat
477 1464 611 1504 nempe
637 1453 936 1492 inflammationis
970 1455 1009 1491 in
1035 1454 1210 1493 sentiente
1239 1455 1354 1506 pulpa
1383 1466 1515 1493 nervea
1546 1456 1702 1494 initium,

937 1568 980 1608 L.
1020 1569 1194 1611 XVII⁶

309 1687 349 1737 Ρ.
371 1705 463 1744 535.
507 1686 696 1743 Impreffio
723 1691 856 1730 fortior
887 1686 1040 1730 suffocat
1073 1691 1291 1731 debiliorem
1310 1722 1319 1737 ,
1358 1693 1395 1731 &
1424 1692 1508 1731 facit
1536 1692 1673 1732 nullam
1700 1693 1778 1732 effe.

307 1756 349 1796 P.
376 1766 419 1801 53
432 1762 467 1793 6.
487 1754 602 1804 Sapor
622 1752 726 1791 durat
745 1751 788 1789 ad
804 1751 864 1788 sex
881 1752 1022 1789 minuta
1034 1751 1135 1790 horae
1152 1754 1182 1790 A
1195 1764 1219 1790 n
1233 1765 1254 1789 Α
1272 1765 1295 1790 Ν
1311 1765 1326 1790 s
1340 1765 1410 1790 on.
1439 1750 1526 1801 pref
1543 1764 1575 1802 p.
1595 1751 1836 1792 CCXXXV‚

307 1815 348 1855 P.
378 1826 469 1860 539.
505 1814 548 1852 ln
576 1814 656 1851 viro
684 1810 793 1850 dono
816 1811 852 1848 ἃ
879 1811 1069 1859 ingenioso
1096 1811 1302 1850 decrescens
1327 1824 1483 1852 acumen
1510 1814 1641 1850 mentis
1660 1839 1672 1856 ,
1708 1814 1745 1850 ἆ
1766 1825 1842 1850 me-

250 1879 400 1919 moriae‚
437 1876 473 1913 &
494 1872 611 1911 sensus
638 1871 794 1919 denique
816 1869 999 1920 descripsit
1013 1870 1066 1909 Cr.
1085 1871 1145 1909 Zr
1160 1884 1190 1909 M
1205 1883 1266 1909 mr.
1289 1887 1305 1909 a
1321 1884 1424 1911 Man
1450 1870 1585 1921 erfahr.
1610 1872 1659 1910 II.
1683 1884 1720 1922 p.
1744 1883 1836 1918 545,

309 1937 365 1974 Ab
401 1933 595 1984 apoplexia
624 1929 811 1969 memdriae
851 1930 998 1979 plenam
1036 1931 1315 1970 destrufflonem
1334 1961 1345 1975 ‚
1394 1939 1437 1971 ut
1479 1932 1640 1970 nominis
1685 1933 1842 1970 materni

246 1994 372 2047 suique
399 1993 667 2033 oblivisceretur
683 2021 692 2034 ‚
728 1990 764 2027 δι
798 1989 923 2027 senfin]
948 1990 1112 2040 linguam
1129 1992 1281 2040 patriam
1310 1990 1465 2030 ediscere
1487 1998 1671 2031 teneretur
1686 2018 1696 2035 ,
1730 1990 1844 2029 hahet:

250 2047 385 2103 Jcffirn.
419 2055 457 2091 dr·
492 2052 622 2090 illeiiec.
657 2063 736 2088 ann.
776 2056 892 2096 1764.
925 2063 973 2087 m.
1008 2049 1163 2101 Janvier.
1846 2098 1850 2103 .

310 2116 347 2153 P,
372 2121 464 2161 545.
503 2109 903 2156 Adsociatioidearum3
938 2110 973 2147 δι
997 2110 1080 2148 inde
1104 2116 1186 2149 nata
1219 2109 1472 2154 consuetudo,
1507 2110 1614 2149 etiam
1651 2111 1690 2148 in
1723 2111 1837 2149 brutis·

247 2173 375 2213 locum
416 2174 530 2211 habet.
585 2170 755 2210 Camelos
782 2198 793 2213 ,
845 2170 910 2219 qui
945 2169 1067 2208 saltare
1101 2169 1268 2213 docent,
1317 2169 1406 2208 dum
1440 2171 1603 2220 primum
1634 2169 1833 2212 incedunt,

250 2233 342 2271 loeo
367 2231 576 2271 calidiffimo
599 2232 756 2269 retinent
777 2258 786 2272 ,
820 2232 869 2267 ita
895 2238 1079 2279 coguntur
1112 2229 1223 2279 pedes
1258 2229 1397 2267 elevare
1418 2257 1428 2273 ,
1462 2237 1505 2268 ut
1524 2230 1647 2268 aestum
1679 2229 1847 2278 fugiant:

248 2291 400 2331 Interim
430 2293 594 2343 magister
620 2288 758 2329 artificii
794 2289 921 2327 fidibus
946 2289 1021 2325 resi
1039 2298 1096 2327 iat.
1135 2291 1186 2329 Ita
1214 2301 1327 2340 porro
1358 2288 1551 2337 conjunsta
1570 2301 1656 2328 cum
1681 2290 1766 2337 igne
1797 2287 1838 2325 fi.

249 2351 353 2391 dium
373 2352 477 2396 idea,
511 2350 781 2404 quamprimum
802 2362 924 2390 eui-uui
943 2361 1074 2388 ion-im
1097 2349 1196 2390 audit
1221 2348 1379 2394 animal,
1413 2348 1524 2401 pedes
1544 2348 1680 2390 alterne
1707 2348 1834 2445 εΙενείε,

1812 2417 1837 2445 n
