<?xml version="1.0" encoding="UTF-8"?>
<!DOCTYPE html PUBLIC "-//W3C//DTD XHTML 1.0 Transitional//EN"
    "http://www.w3.org/TR/xhtml1/DTD/xhtml1-transitional.dtd">
<html xmlns="http://www.w3.org/1999/xhtml" xml:lang="en" lang="en">
 <head>
  <title>
</title>
<meta http-equiv="Content-Type" content="text/html;charset=utf-8" />
  <meta name='ocr-system' content='tesseract 3.04.00' />
  <meta name='ocr-capabilities' content='ocr_page ocr_carea ocr_par ocr_line ocrx_word'/>
</head>
<body>
  <div class='ocr_page' id='page_1' title='image "./elementaphysiolo08hall_0148.png"; bbox 0 0 1955 2732; ppageno 0'>
   <div class='ocr_carea' id='block_1_1' title="bbox 325 96 1400 162">
    <p class='ocr_par' dir='ltr' id='par_1_1' title="bbox 325 96 1400 162">
     <span class='ocr_line' id='line_1_1' title="bbox 325 96 1400 162; baseline 0 -8"><span class='ocrx_word' id='word_1_1' title='bbox 325 128 399 162; x_wconf 50' lang='grc' dir='ltr'><strong>ηδ</strong></span> <span class='ocrx_word' id='word_1_2' title='bbox 528 96 529 99; x_wconf 69' lang='grc'>’</span> <span class='ocrx_word' id='word_1_3' title='bbox 792 114 885 154; x_wconf 70' lang='lat' dir='ltr'><strong>Lm.</strong></span> <span class='ocrx_word' id='word_1_4' title='bbox 915 115 1062 154; x_wconf 56' lang='lat' dir='ltr'><strong>&gt;emt</strong></span> <span class='ocrx_word' id='word_1_5' title='bbox 1123 115 1151 155; x_wconf 82' lang='lat' dir='ltr'>F</span> <span class='ocrx_word' id='word_1_6' title='bbox 1181 115 1210 154; x_wconf 86' lang='lat' dir='ltr'><strong>E</strong></span> <span class='ocrx_word' id='word_1_7' title='bbox 1239 116 1273 154; x_wconf 81' lang='lat' dir='ltr'>T</span> <span class='ocrx_word' id='word_1_8' title='bbox 1304 115 1338 154; x_wconf 79' lang='lat' dir='ltr'><strong>u</strong></span> <span class='ocrx_word' id='word_1_9' title='bbox 1367 115 1400 154; x_wconf 87' lang='lat' dir='ltr'><strong>S.</strong></span> 
     </span>
    </p>
   </div>
   <div class='ocr_carea' id='block_1_2' title="bbox 307 222 1880 386">
    <p class='ocr_par' dir='ltr' id='par_1_2' title="bbox 307 222 1880 386">
     <span class='ocr_line' id='line_1_2' title="bbox 307 222 1876 274; baseline 0 -12"><span class='ocrx_word' id='word_1_10' title='bbox 307 224 406 262; x_wconf 76' lang='lat' dir='ltr'><strong>nasci</strong></span> <span class='ocrx_word' id='word_1_11' title='bbox 423 252 432 270; x_wconf 86' lang='lat'>‚</span> <span class='ocrx_word' id='word_1_12' title='bbox 465 230 526 261; x_wconf 79' lang='lat' dir='ltr'><strong>ant</strong></span> <span class='ocrx_word' id='word_1_13' title='bbox 540 223 740 262; x_wconf 72' lang='lat' dir='ltr'><strong>secundum</strong></span> <span class='ocrx_word' id='word_1_14' title='bbox 757 222 816 261; x_wconf 77' lang='lat' dir='ltr'><strong>sua</strong></span> <span class='ocrx_word' id='word_1_15' title='bbox 833 222 995 272; x_wconf 79' lang='lat' dir='ltr'><strong>pondera</strong></span> <span class='ocrx_word' id='word_1_16' title='bbox 1016 222 1207 272; x_wconf 77' lang='lat' dir='ltr'><strong>particulas</strong></span> <span class='ocrx_word' id='word_1_17' title='bbox 1225 223 1410 274; x_wconf 74' lang='lat' dir='ltr'><strong>utriusque</strong></span> <span class='ocrx_word' id='word_1_18' title='bbox 1427 223 1568 261; x_wconf 80' lang='lat' dir='ltr'><strong>seminis</strong></span> <span class='ocrx_word' id='word_1_19' title='bbox 1592 224 1626 262; x_wconf 80' lang='lat' dir='ltr'><strong>se</strong></span> <span class='ocrx_word' id='word_1_20' title='bbox 1644 225 1682 261; x_wconf 91' lang='lat' dir='ltr'><strong>in</strong></span> <span class='ocrx_word' id='word_1_21' title='bbox 1706 224 1876 262; x_wconf 79' lang='lat' dir='ltr'><strong>ordinem</strong></span> 
     </span>
     <span class='ocr_line' id='line_1_3' title="bbox 310 279 1880 330; baseline -0.001 -12"><span class='ocrx_word' id='word_1_22' title='bbox 310 282 473 330; x_wconf 86' lang='lat' dir='ltr'><strong>recipere</strong></span> <span class='ocrx_word' id='word_1_23' title='bbox 493 281 533 324; x_wconf 73' lang='lat' dir='ltr'><strong>lc)</strong></span> <span class='ocrx_word' id='word_1_24' title='bbox 549 309 558 324; x_wconf 81' lang='lat'><strong>,</strong></span> <span class='ocrx_word' id='word_1_25' title='bbox 591 287 654 318; x_wconf 85' lang='lat' dir='ltr'><strong>aut</strong></span> <span class='ocrx_word' id='word_1_26' title='bbox 681 288 828 318; x_wconf 76' lang='lat' dir='ltr'><strong>uterum</strong></span> <span class='ocrx_word' id='word_1_27' title='bbox 853 292 871 316; x_wconf 82' lang='lat' dir='ltr'>a</span> <span class='ocrx_word' id='word_1_28' title='bbox 907 287 1092 329; x_wconf 88' lang='lat' dir='ltr'><strong>conceptu</strong></span> <span class='ocrx_word' id='word_1_29' title='bbox 1117 279 1313 318; x_wconf 72' lang='lat' dir='ltr'><strong>tuberculis</strong></span> <span class='ocrx_word' id='word_1_30' title='bbox 1343 280 1566 318; x_wconf 82' lang='lat' dir='ltr'><strong>efflorescere</strong></span> <span class='ocrx_word' id='word_1_31' title='bbox 1584 309 1594 323; x_wconf 88' lang='lat'><strong>,</strong></span> <span class='ocrx_word' id='word_1_32' title='bbox 1623 281 1769 330; x_wconf 86' lang='lat' dir='ltr'><strong>ejusque</strong></span> <span class='ocrx_word' id='word_1_33' title='bbox 1802 281 1880 318; x_wconf 80' lang='lat' dir='ltr'>vasa</span> 
     </span>
     <span class='ocr_line' id='line_1_4' title="bbox 310 335 1878 386; baseline 0.001 -12"><span class='ocrx_word' id='word_1_34' title='bbox 310 337 347 374; x_wconf 67' lang='lat'><strong>31</strong></span> <span class='ocrx_word' id='word_1_35' title='bbox 372 336 479 374; x_wconf 77' lang='lat' dir='ltr'>fibras</span> <span class='ocrx_word' id='word_1_36' title='bbox 509 338 547 374; x_wconf 89' lang='lat' dir='ltr'><strong>in</strong></span> <span class='ocrx_word' id='word_1_37' title='bbox 569 336 843 385; x_wconf 76' lang='lat' dir='ltr'>longitudinem</span> <span class='ocrx_word' id='word_1_38' title='bbox 868 335 974 373; x_wconf 83' lang='lat' dir='ltr'><strong>educi</strong></span> <span class='ocrx_word' id='word_1_39' title='bbox 994 365 1004 378; x_wconf 94' lang='lat'>‚</span> <span class='ocrx_word' id='word_1_40' title='bbox 1035 343 1144 386; x_wconf 81' lang='lat' dir='ltr'><strong>atque</strong></span> <span class='ocrx_word' id='word_1_41' title='bbox 1159 335 1328 385; x_wconf 74' lang='lat' dir='ltr'><strong>figurari,</strong></span> <span class='ocrx_word' id='word_1_42' title='bbox 1362 338 1464 385; x_wconf 83' lang='lat' dir='ltr'><strong>juxta</strong></span> <span class='ocrx_word' id='word_1_43' title='bbox 1486 337 1691 375; x_wconf 78' lang='lat' dir='ltr'>seminalem</span> <span class='ocrx_word' id='word_1_44' title='bbox 1711 338 1878 375; x_wconf 62' lang='lat' dir='ltr'><strong>directio-</strong></span> 
     </span>
    </p>
   </div>
   <div class='ocr_carea' id='block_1_3' title="bbox 308 390 902 442">
    <p class='ocr_par' dir='ltr' id='par_1_3' title="bbox 308 390 902 442">
     <span class='ocr_line' id='line_1_5' title="bbox 308 390 902 442; baseline -0.003 -12"><span class='ocrx_word' id='word_1_45' title='bbox 308 405 395 432; x_wconf 79' lang='lat' dir='ltr'><strong>nem</strong></span> <span class='ocrx_word' id='word_1_46' title='bbox 413 422 422 436; x_wconf 95' lang='lat'>‚</span> <span class='ocrx_word' id='word_1_47' title='bbox 459 394 570 442; x_wconf 90' lang='lat' dir='ltr'><strong>inque</strong></span> <span class='ocrx_word' id='word_1_48' title='bbox 597 393 728 431; x_wconf 86' lang='lat' dir='ltr'><strong>viscera</strong></span> <span class='ocrx_word' id='word_1_49' title='bbox 756 391 834 429; x_wconf 84' lang='lat' dir='ltr'><strong>fieri</strong></span> <span class='ocrx_word' id='word_1_50' title='bbox 857 390 902 440; x_wconf 84' lang='lat' dir='ltr'><strong>l).</strong></span> 
     </span>
    </p>
   </div>
   <div class='ocr_carea' id='block_1_4' title="bbox 306 473 1877 580">
    <p class='ocr_par' dir='ltr' id='par_1_4' title="bbox 306 473 1877 580">
     <span class='ocr_line' id='line_1_6' title="bbox 423 473 1877 524; baseline 0.001 -13"><span class='ocrx_word' id='word_1_51' title='bbox 423 474 586 511; x_wconf 84' lang='lat' dir='ltr'><strong>Credant</strong></span> <span class='ocrx_word' id='word_1_52' title='bbox 602 502 611 516; x_wconf 94' lang='lat'><em>‚</em></span> <span class='ocrx_word' id='word_1_53' title='bbox 643 475 707 523; x_wconf 90' lang='lat' dir='ltr'><strong>qui</strong></span> <span class='ocrx_word' id='word_1_54' title='bbox 725 473 803 511; x_wconf 82' lang='lat' dir='ltr'><strong>haec</strong></span> <span class='ocrx_word' id='word_1_55' title='bbox 825 473 962 512; x_wconf 84' lang='lat' dir='ltr'><strong>docent</strong></span> <span class='ocrx_word' id='word_1_56' title='bbox 977 502 988 517; x_wconf 88' lang='lat'><em>‚</em></span> <span class='ocrx_word' id='word_1_57' title='bbox 1020 473 1313 516; x_wconf 85' lang='lat' dir='ltr'>homuncionem</span> <span class='ocrx_word' id='word_1_58' title='bbox 1325 486 1372 511; x_wconf 85' lang='lat' dir='ltr'><strong>ex</strong></span> <span class='ocrx_word' id='word_1_59' title='bbox 1387 474 1521 512; x_wconf 83' lang='lat' dir='ltr'><strong>semine</strong></span> <span class='ocrx_word' id='word_1_60' title='bbox 1535 474 1629 511; x_wconf 87' lang='lat' dir='ltr'><strong>virili</strong></span> <span class='ocrx_word' id='word_1_61' title='bbox 1641 487 1706 524; x_wconf 85' lang='lat' dir='ltr'><strong>per</strong></span> <span class='ocrx_word' id='word_1_62' title='bbox 1718 474 1877 513; x_wconf 83' lang='lat' dir='ltr'><strong>calorem</strong></span> 
     </span>
     <span class='ocr_line' id='line_1_7' title="bbox 306 525 647 580; baseline 0 -14"><span class='ocrx_word' id='word_1_63' title='bbox 306 529 382 567; x_wconf 86' lang='lat' dir='ltr'><strong>fimi</strong></span> <span class='ocrx_word' id='word_1_64' title='bbox 408 530 560 568; x_wconf 64' lang='lat' dir='ltr'><strong>formari</strong></span> <span class='ocrx_word' id='word_1_65' title='bbox 579 525 647 580; x_wconf 83' lang='lat' dir='ltr'><strong>m).</strong></span> 
     </span>
    </p>
   </div>
   <div class='ocr_carea' id='block_1_5' title="bbox 300 610 1877 943">
    <p class='ocr_par' dir='ltr' id='par_1_5' title="bbox 300 610 1877 943">
     <span class='ocr_line' id='line_1_8' title="bbox 420 610 1873 662; baseline 0 -13"><span class='ocrx_word' id='word_1_66' title='bbox 420 611 499 649; x_wconf 86' lang='lat' dir='ltr'><strong>Nos</strong></span> <span class='ocrx_word' id='word_1_67' title='bbox 525 611 663 649; x_wconf 87' lang='lat' dir='ltr'><strong>nullam</strong></span> <span class='ocrx_word' id='word_1_68' title='bbox 691 612 764 647; x_wconf 80' lang='lat' dir='ltr'><strong>vim</strong></span> <span class='ocrx_word' id='word_1_69' title='bbox 779 639 788 654; x_wconf 86' lang='lat'>‚</span> <span class='ocrx_word' id='word_1_70' title='bbox 820 610 885 648; x_wconf 87' lang='lat' dir='ltr'><strong>nisi</strong></span> <span class='ocrx_word' id='word_1_71' title='bbox 908 624 987 662; x_wconf 83' lang='lat' dir='ltr'><strong>quae</strong></span> <span class='ocrx_word' id='word_1_72' title='bbox 1010 611 1181 661; x_wconf 79' lang='lat' dir='ltr'>sapientia</span> <span class='ocrx_word' id='word_1_73' title='bbox 1206 619 1374 660; x_wconf 76' lang='lat' dir='ltr'><strong>regatur,</strong></span> <span class='ocrx_word' id='word_1_74' title='bbox 1407 611 1589 650; x_wconf 83' lang='lat' dir='ltr'><strong>credimus</strong></span> <span class='ocrx_word' id='word_1_75' title='bbox 1614 614 1653 649; x_wconf 88' lang='lat' dir='ltr'><strong>in</strong></span> <span class='ocrx_word' id='word_1_76' title='bbox 1672 613 1873 655; x_wconf 84' lang='lat' dir='ltr'>materiem,</span> 
     </span>
     <span class='ocr_line' id='line_1_9' title="bbox 302 667 1877 718; baseline 0.002 -14"><span class='ocrx_word' id='word_1_77' title='bbox 302 667 503 706; x_wconf 63' lang='lat' dir='ltr'><strong>secundum</strong></span> <span class='ocrx_word' id='word_1_78' title='bbox 527 668 740 705; x_wconf 59' lang='lat' dir='ltr'><strong>directiones</strong></span> <span class='ocrx_word' id='word_1_79' title='bbox 765 676 944 717; x_wconf 85' lang='lat' dir='ltr'><strong>perpetuo</strong></span> <span class='ocrx_word' id='word_1_80' title='bbox 965 669 1069 711; x_wconf 76' lang='lat' dir='ltr'><strong>alias,</strong></span> <span class='ocrx_word' id='word_1_81' title='bbox 1100 669 1135 705; x_wconf 85' lang='lat'>&amp;</span> <span class='ocrx_word' id='word_1_82' title='bbox 1161 670 1209 706; x_wconf 81' lang='lat' dir='ltr'><strong>ita</strong></span> <span class='ocrx_word' id='word_1_83' title='bbox 1227 676 1516 718; x_wconf 74' lang='lat' dir='ltr'><strong>contemperatus</strong></span> <span class='ocrx_word' id='word_1_84' title='bbox 1542 680 1647 717; x_wconf 82' lang='lat' dir='ltr'><strong>agere</strong></span> <span class='ocrx_word' id='word_1_85' title='bbox 1676 667 1776 717; x_wconf 72' lang='lat' dir='ltr'><strong>poss&#39;e</strong></span> <span class='ocrx_word' id='word_1_86' title='bbox 1792 697 1802 711; x_wconf 88' lang='lat'>‚</span> <span class='ocrx_word' id='word_1_87' title='bbox 1834 676 1877 707; x_wconf 86' lang='lat' dir='ltr'><strong>ut</strong></span> 
     </span>
     <span class='ocr_line' id='line_1_10' title="bbox 303 723 1874 775; baseline 0.002 -15"><span class='ocrx_word' id='word_1_88' title='bbox 303 725 410 761; x_wconf 82' lang='lat' dir='ltr'><strong>bruta</strong></span> <span class='ocrx_word' id='word_1_89' title='bbox 438 737 478 762; x_wconf 86' lang='lat' dir='ltr'><strong>ea</strong></span> <span class='ocrx_word' id='word_1_90' title='bbox 505 726 671 762; x_wconf 73' lang='lat' dir='ltr'><strong>materies</strong></span> <span class='ocrx_word' id='word_1_91' title='bbox 698 725 737 760; x_wconf 81' lang='lat' dir='ltr'><strong>in</strong></span> <span class='ocrx_word' id='word_1_92' title='bbox 759 723 854 767; x_wconf 66' lang='lat' dir='ltr'><strong>ostii,</strong></span> <span class='ocrx_word' id='word_1_93' title='bbox 879 725 1064 762; x_wconf 85' lang='lat' dir='ltr'><strong>musculos</strong></span> <span class='ocrx_word' id='word_1_94' title='bbox 1080 753 1089 768; x_wconf 91' lang='lat'>‚</span> <span class='ocrx_word' id='word_1_95' title='bbox 1126 726 1257 763; x_wconf 81' lang='lat' dir='ltr'><strong>viscera</strong></span> <span class='ocrx_word' id='word_1_96' title='bbox 1279 753 1289 767; x_wconf 89' lang='lat'>,</span> <span class='ocrx_word' id='word_1_97' title='bbox 1319 726 1354 762; x_wconf 65' lang='grc' dir='ltr'><strong>ὃς</strong></span> <span class='ocrx_word' id='word_1_98' title='bbox 1379 725 1457 763; x_wconf 80' lang='lat' dir='ltr'>vasa</span> <span class='ocrx_word' id='word_1_99' title='bbox 1482 724 1639 774; x_wconf 79' lang='lat' dir='ltr'><strong>fingatur</strong></span> <span class='ocrx_word' id='word_1_100' title='bbox 1655 754 1664 767; x_wconf 90' lang='lat'>‚</span> <span class='ocrx_word' id='word_1_101' title='bbox 1697 732 1874 775; x_wconf 86' lang='lat' dir='ltr'><strong>certoque</strong></span> 
     </span>
     <span class='ocr_line' id='line_1_11' title="bbox 302 780 1875 831; baseline 0.001 -14"><span class='ocrx_word' id='word_1_102' title='bbox 302 780 434 817; x_wconf 82' lang='lat' dir='ltr'><strong>ordine</strong></span> <span class='ocrx_word' id='word_1_103' title='bbox 462 781 538 819; x_wconf 57' lang='lat' dir='ltr'><strong>haec</strong></span> <span class='ocrx_word' id='word_1_104' title='bbox 571 783 664 818; x_wconf 83' lang='lat' dir='ltr'><strong>inter</strong></span> <span class='ocrx_word' id='word_1_105' title='bbox 681 781 714 817; x_wconf 90' lang='lat' dir='ltr'><strong>se</strong></span> <span class='ocrx_word' id='word_1_106' title='bbox 741 782 866 818; x_wconf 78' lang='lat' dir='ltr'><strong>omnia</strong></span> <span class='ocrx_word' id='word_1_107' title='bbox 892 788 1119 830; x_wconf 85' lang='lat' dir='ltr'>coaptentur.</span> <span class='ocrx_word' id='word_1_108' title='bbox 1180 780 1223 818; x_wconf 90' lang='lat' dir='ltr'><strong>Id</strong></span> <span class='ocrx_word' id='word_1_109' title='bbox 1245 794 1356 820; x_wconf 86' lang='lat' dir='ltr'><strong>omne</strong></span> <span class='ocrx_word' id='word_1_110' title='bbox 1374 810 1384 824; x_wconf 94' lang='lat'><em>‚</em></span> <span class='ocrx_word' id='word_1_111' title='bbox 1417 781 1521 831; x_wconf 92' lang='lat' dir='ltr'><strong>quod</strong></span> <span class='ocrx_word' id='word_1_112' title='bbox 1544 782 1674 830; x_wconf 87' lang='lat' dir='ltr'><strong>sponte</strong></span> <span class='ocrx_word' id='word_1_113' title='bbox 1700 781 1875 830; x_wconf 82' lang='lat' dir='ltr'><strong>produci·</strong></span> 
     </span>
     <span class='ocr_line' id='line_1_12' title="bbox 300 837 1870 886; baseline 0.001 -13"><span class='ocrx_word' id='word_1_114' title='bbox 300 843 372 879; x_wconf 78' lang='lat' dir='ltr'><strong>tur,</strong></span> <span class='ocrx_word' id='word_1_115' title='bbox 406 837 514 874; x_wconf 85' lang='lat' dir='ltr'><strong>etiam</strong></span> <span class='ocrx_word' id='word_1_116' title='bbox 542 837 694 875; x_wconf 85' lang='lat' dir='ltr'><strong>artificio</strong></span> <span class='ocrx_word' id='word_1_117' title='bbox 720 837 835 885; x_wconf 81' lang='lat' dir='ltr'><strong>plenae</strong></span> <span class='ocrx_word' id='word_1_118' title='bbox 850 837 917 875; x_wconf 86' lang='lat' dir='ltr'><strong>illae</strong></span> <span class='ocrx_word' id='word_1_119' title='bbox 938 840 1031 875; x_wconf 81' lang='lat' dir='ltr'><strong>nivis</strong></span> <span class='ocrx_word' id='word_1_120' title='bbox 1053 837 1177 886; x_wconf 81' lang='lat' dir='ltr'><strong>figurae</strong></span> <span class='ocrx_word' id='word_1_121' title='bbox 1200 866 1209 880; x_wconf 88' lang='lat'>‚</span> <span class='ocrx_word' id='word_1_122' title='bbox 1240 840 1386 876; x_wconf 83' lang='lat' dir='ltr'><strong>unicam</strong></span> <span class='ocrx_word' id='word_1_123' title='bbox 1404 838 1604 876; x_wconf 84' lang='lat' dir='ltr'><strong>secundum</strong></span> <span class='ocrx_word' id='word_1_124' title='bbox 1621 838 1870 881; x_wconf 69' lang='lat' dir='ltr'><strong>direciionem,</strong></span> 
     </span>
     <span class='ocr_line' id='line_1_13' title="bbox 300 892 1358 943; baseline 0.001 -12"><span class='ocrx_word' id='word_1_125' title='bbox 300 892 440 942; x_wconf 79' lang='lat' dir='ltr'><strong>semper</strong></span> <span class='ocrx_word' id='word_1_126' title='bbox 464 896 502 930; x_wconf 87' lang='lat' dir='ltr'><strong>iu</strong></span> <span class='ocrx_word' id='word_1_127' title='bbox 530 893 749 942; x_wconf 71' lang='lat' dir='ltr'><strong>sexangula,</strong></span> <span class='ocrx_word' id='word_1_128' title='bbox 782 893 922 943; x_wconf 79' lang='lat' dir='ltr'><strong>semper</strong></span> <span class='ocrx_word' id='word_1_129' title='bbox 947 896 984 931; x_wconf 93' lang='lat' dir='ltr'><strong>in</strong></span> <span class='ocrx_word' id='word_1_130' title='bbox 1006 894 1141 943; x_wconf 84' lang='lat' dir='ltr'><strong>spicula</strong></span> <span class='ocrx_word' id='word_1_131' title='bbox 1168 894 1358 932; x_wconf 88' lang='lat' dir='ltr'><strong>formatur.</strong></span> 
     </span>
    </p>
   </div>
   <div class='ocr_carea' id='block_1_6' title="bbox 294 974 1871 1640">
    <p class='ocr_par' dir='ltr' id='par_1_6' title="bbox 294 974 1871 1640">
     <span class='ocr_line' id='line_1_14' title="bbox 417 974 1871 1025; baseline 0.001 -13"><span class='ocrx_word' id='word_1_132' title='bbox 417 974 590 1023; x_wconf 78' lang='lat' dir='ltr'>Cogitet,</span> <span class='ocrx_word' id='word_1_133' title='bbox 624 976 688 1024; x_wconf 90' lang='lat' dir='ltr'><strong>qui</strong></span> <span class='ocrx_word' id='word_1_134' title='bbox 710 974 919 1023; x_wconf 63' lang='lat' dir='ltr'><strong>hujusmodi</strong></span> <span class='ocrx_word' id='word_1_135' title='bbox 948 975 1166 1025; x_wconf 84' lang='lat' dir='ltr'><strong>hypotheses</strong></span> <span class='ocrx_word' id='word_1_136' title='bbox 1192 975 1317 1012; x_wconf 84' lang='lat' dir='ltr'><strong>audire</strong></span> <span class='ocrx_word' id='word_1_137' title='bbox 1342 977 1492 1024; x_wconf 88' lang='lat' dir='ltr'><strong>potuit,</strong></span> <span class='ocrx_word' id='word_1_138' title='bbox 1523 976 1632 1013; x_wconf 86' lang='lat' dir='ltr'><strong>unice</strong></span> <span class='ocrx_word' id='word_1_139' title='bbox 1659 974 1704 1012; x_wconf 89' lang='lat' dir='ltr'><strong>de</strong></span> <span class='ocrx_word' id='word_1_140' title='bbox 1734 975 1871 1022; x_wconf 85' lang='lat' dir='ltr'><strong>oculo;</strong></span> 
     </span>
     <span class='ocr_line' id='line_1_15' title="bbox 299 1030 1871 1080; baseline 0 -12"><span class='ocrx_word' id='word_1_141' title='bbox 299 1032 362 1080; x_wconf 83' lang='lat' dir='ltr'><strong>qui</strong></span> <span class='ocrx_word' id='word_1_142' title='bbox 383 1031 412 1067; x_wconf 80' lang='lat' dir='ltr'><strong>is</strong></span> <span class='ocrx_word' id='word_1_143' title='bbox 433 1030 540 1079; x_wconf 81' lang='lat' dir='ltr'><strong>possit</strong></span> <span class='ocrx_word' id='word_1_144' title='bbox 564 1044 628 1080; x_wconf 87' lang='lat' dir='ltr'><strong>per</strong></span> <span class='ocrx_word' id='word_1_145' title='bbox 656 1032 730 1067; x_wconf 84' lang='lat' dir='ltr'><strong>vim</strong></span> <span class='ocrx_word' id='word_1_146' title='bbox 749 1030 979 1079; x_wconf 78' lang='lat' dir='ltr'><strong>expanfivam</strong></span> <span class='ocrx_word' id='word_1_147' title='bbox 1007 1044 1053 1070; x_wconf 90' lang='lat' dir='ltr'><strong>eo</strong></span> <span class='ocrx_word' id='word_1_148' title='bbox 1073 1032 1188 1068; x_wconf 87' lang='lat' dir='ltr'><strong>modo</strong></span> <span class='ocrx_word' id='word_1_149' title='bbox 1212 1032 1323 1074; x_wconf 83' lang='lat' dir='ltr'><strong>strui,</strong></span> <span class='ocrx_word' id='word_1_150' title='bbox 1355 1033 1395 1068; x_wconf 82' lang='lat' dir='ltr'><strong>in</strong></span> <span class='ocrx_word' id='word_1_151' title='bbox 1416 1031 1648 1069; x_wconf 72' lang='lat' dir='ltr'><strong>succedentes</strong></span> <span class='ocrx_word' id='word_1_152' title='bbox 1674 1030 1738 1068; x_wconf 86' lang='lat' dir='ltr'><strong>fibi</strong></span> <span class='ocrx_word' id='word_1_153' title='bbox 1755 1044 1871 1068; x_wconf 90' lang='lat' dir='ltr'><strong>mem-</strong></span> 
     </span>
     <span class='ocr_line' id='line_1_16' title="bbox 299 1087 1871 1137; baseline 0 -12"><span class='ocrx_word' id='word_1_154' title='bbox 299 1088 425 1125; x_wconf 66' lang='lat' dir='ltr'>brumas</span> <span class='ocrx_word' id='word_1_155' title='bbox 447 1117 456 1131; x_wconf 95' lang='lat'><strong>,</strong></span> <span class='ocrx_word' id='word_1_156' title='bbox 490 1100 619 1126; x_wconf 79' lang='lat' dir='ltr'><strong>onmes</strong></span> <span class='ocrx_word' id='word_1_157' title='bbox 645 1088 744 1124; x_wconf 80' lang='lat' dir='ltr'><strong>aliter</strong></span> <span class='ocrx_word' id='word_1_158' title='bbox 771 1087 982 1131; x_wconf 74' lang='lat' dir='ltr'><strong>fabricatas,</strong></span> <span class='ocrx_word' id='word_1_159' title='bbox 1014 1096 1056 1126; x_wconf 87' lang='lat' dir='ltr'><strong>ut</strong></span> <span class='ocrx_word' id='word_1_160' title='bbox 1075 1088 1201 1125; x_wconf 85' lang='lat' dir='ltr'><strong>lumen</strong></span> <span class='ocrx_word' id='word_1_161' title='bbox 1225 1100 1288 1136; x_wconf 90' lang='lat' dir='ltr'><strong>per</strong></span> <span class='ocrx_word' id='word_1_162' title='bbox 1313 1087 1522 1136; x_wconf 54' lang='lat' dir='ltr'><strong>pellucidae,</strong></span> <span class='ocrx_word' id='word_1_163' title='bbox 1538 1087 1702 1137; x_wconf 87' lang='lat' dir='ltr'><strong>undique</strong></span> <span class='ocrx_word' id='word_1_164' title='bbox 1731 1088 1871 1137; x_wconf 80' lang='lat' dir='ltr'><strong>opacis-</strong></span> 
     </span>
     <span class='ocr_line' id='line_1_17' title="bbox 300 1142 1871 1193; baseline 0.001 -13"><span class='ocrx_word' id='word_1_165' title='bbox 300 1143 396 1180; x_wconf 84' lang='lat' dir='ltr'><strong>fimis</strong></span> <span class='ocrx_word' id='word_1_166' title='bbox 421 1145 496 1181; x_wconf 76' lang='lat' dir='ltr'><strong>aliis</strong></span> <span class='ocrx_word' id='word_1_167' title='bbox 530 1144 779 1186; x_wconf 70' lang='lat' dir='ltr'><strong>circumfusas,</strong></span> <span class='ocrx_word' id='word_1_168' title='bbox 796 1144 988 1192; x_wconf 78' lang='lat' dir='ltr'><strong>particulas</strong></span> <span class='ocrx_word' id='word_1_169' title='bbox 1022 1145 1135 1193; x_wconf 85' lang='lat' dir='ltr'><strong>recipi</strong></span> <span class='ocrx_word' id='word_1_170' title='bbox 1171 1142 1279 1192; x_wconf 84' lang='lat' dir='ltr'><strong>poffit</strong></span> <span class='ocrx_word' id='word_1_171' title='bbox 1297 1172 1307 1186; x_wconf 90' lang='lat'>‚</span> <span class='ocrx_word' id='word_1_172' title='bbox 1340 1145 1389 1181; x_wconf 79' lang='lat' dir='ltr'><strong>ita</strong></span> <span class='ocrx_word' id='word_1_173' title='bbox 1414 1152 1705 1192; x_wconf 80' lang='lat' dir='ltr'><strong>contemperatas</strong></span> <span class='ocrx_word' id='word_1_174' title='bbox 1725 1172 1734 1186; x_wconf 80' lang='lat'><strong>‚</strong></span> <span class='ocrx_word' id='word_1_175' title='bbox 1769 1152 1809 1182; x_wconf 89' lang='lat' dir='ltr'><strong>ut</strong></span> <span class='ocrx_word' id='word_1_176' title='bbox 1831 1146 1871 1182; x_wconf 88' lang='lat' dir='ltr'><strong>in</strong></span> 
     </span>
     <span class='ocr_line' id='line_1_18' title="bbox 298 1200 1868 1249; baseline 0.001 -12"><span class='ocrx_word' id='word_1_177' title='bbox 298 1200 526 1238; x_wconf 78' lang='lat' dir='ltr'><strong>millioni‘ous</strong></span> <span class='ocrx_word' id='word_1_178' title='bbox 562 1201 757 1238; x_wconf 83' lang='lat' dir='ltr'><strong>hominum</strong></span> <span class='ocrx_word' id='word_1_179' title='bbox 790 1201 826 1236; x_wconf 63' lang='grc' dir='ltr'><strong>ὃς</strong></span> <span class='ocrx_word' id='word_1_180' title='bbox 862 1200 1073 1238; x_wconf 72' lang='lat' dir='ltr'><strong>animalium</strong></span> <span class='ocrx_word' id='word_1_181' title='bbox 1108 1201 1295 1238; x_wconf 78' lang='lat' dir='ltr'><strong>radiorum</strong></span> <span class='ocrx_word' id='word_1_182' title='bbox 1320 1200 1410 1237; x_wconf 83' lang='lat' dir='ltr'><strong>lucis</strong></span> <span class='ocrx_word' id='word_1_183' title='bbox 1448 1200 1641 1249; x_wconf 78' lang='lat' dir='ltr'><strong>penicillus</strong></span> <span class='ocrx_word' id='word_1_184' title='bbox 1681 1201 1868 1238; x_wconf 82' lang='lat' dir='ltr'><strong>radiorum</strong></span> 
     </span>
     <span class='ocr_line' id='line_1_19' title="bbox 295 1256 1868 1307; baseline 0.001 -13"><span class='ocrx_word' id='word_1_185' title='bbox 295 1257 435 1307; x_wconf 85' lang='lat' dir='ltr'><strong>ubique</strong></span> <span class='ocrx_word' id='word_1_186' title='bbox 468 1259 505 1294; x_wconf 89' lang='lat' dir='ltr'><strong>in</strong></span> <span class='ocrx_word' id='word_1_187' title='bbox 525 1259 680 1294; x_wconf 80' lang='lat' dir='ltr'><strong>retinam</strong></span> <span class='ocrx_word' id='word_1_188' title='bbox 712 1258 916 1294; x_wconf 79' lang='lat' dir='ltr'><strong>conveniat.</strong></span> <span class='ocrx_word' id='word_1_189' title='bbox 978 1257 1022 1295; x_wconf 86' lang='lat' dir='ltr'><strong>Et</strong></span> <span class='ocrx_word' id='word_1_190' title='bbox 1049 1265 1169 1294; x_wconf 78' lang='lat' dir='ltr'><strong>tamen</strong></span> <span class='ocrx_word' id='word_1_191' title='bbox 1195 1269 1234 1294; x_wconf 84' lang='lat' dir='ltr'><strong>ea</strong></span> <span class='ocrx_word' id='word_1_192' title='bbox 1268 1256 1368 1294; x_wconf 80' lang='lat' dir='ltr'><strong>causa</strong></span> <span class='ocrx_word' id='word_1_193' title='bbox 1405 1269 1581 1305; x_wconf 81' lang='lat' dir='ltr'><strong>corporea</strong></span> <span class='ocrx_word' id='word_1_194' title='bbox 1611 1269 1688 1294; x_wconf 88' lang='lat' dir='ltr'><strong>non</strong></span> <span class='ocrx_word' id='word_1_195' title='bbox 1715 1265 1868 1295; x_wconf 74' lang='lat' dir='ltr'><strong>noverat</strong></span> 
     </span>
     <span class='ocr_line' id='line_1_20' title="bbox 295 1312 1866 1363; baseline 0.001 -13"><span class='ocrx_word' id='word_1_196' title='bbox 295 1312 422 1351; x_wconf 81' lang='lat' dir='ltr'><strong>lumen</strong></span> <span class='ocrx_word' id='word_1_197' title='bbox 441 1342 451 1356; x_wconf 94' lang='lat'><em>,</em></span> <span class='ocrx_word' id='word_1_198' title='bbox 485 1326 604 1363; x_wconf 83' lang='lat' dir='ltr'><strong>neque</strong></span> <span class='ocrx_word' id='word_1_199' title='bbox 627 1314 725 1362; x_wconf 77' lang='lat' dir='ltr'><strong>leges</strong></span> <span class='ocrx_word' id='word_1_200' title='bbox 751 1314 883 1363; x_wconf 82' lang='lat' dir='ltr'><strong>quibus</strong></span> <span class='ocrx_word' id='word_1_201' title='bbox 902 1314 1177 1362; x_wconf 79' lang='lat' dir='ltr'><strong>confringitur3</strong></span> <span class='ocrx_word' id='word_1_202' title='bbox 1210 1313 1299 1350; x_wconf 89' lang='lat' dir='ltr'><strong>dum</strong></span> <span class='ocrx_word' id='word_1_203' title='bbox 1323 1313 1414 1350; x_wconf 79' lang='lat' dir='ltr'><strong>adeo</strong></span> <span class='ocrx_word' id='word_1_204' title='bbox 1439 1322 1543 1362; x_wconf 83' lang='lat' dir='ltr'><strong>apte,</strong></span> <span class='ocrx_word' id='word_1_205' title='bbox 1564 1313 1607 1350; x_wconf 77' lang='lat' dir='ltr'><strong>ad.</strong></span> <span class='ocrx_word' id='word_1_206' title='bbox 1633 1313 1866 1351; x_wconf 78' lang='lat' dir='ltr'><strong>centesimam</strong></span> 
     </span>
     <span class='ocr_line' id='line_1_21' title="bbox 295 1369 1867 1419; baseline 0.001 -13"><span class='ocrx_word' id='word_1_207' title='bbox 295 1378 436 1419; x_wconf 65' lang='lat' dir='ltr'><strong>partem</strong></span> <span class='ocrx_word' id='word_1_208' title='bbox 464 1370 588 1413; x_wconf 61' lang='lat' dir='ltr'><strong>lineae,</strong></span> <span class='ocrx_word' id='word_1_209' title='bbox 621 1371 746 1407; x_wconf 76' lang='lat' dir='ltr'><strong>omnia</strong></span> <span class='ocrx_word' id='word_1_210' title='bbox 780 1371 828 1406; x_wconf 81' lang='lat' dir='ltr'><strong>ita</strong></span> <span class='ocrx_word' id='word_1_211' title='bbox 859 1370 1016 1407; x_wconf 84' lang='lat' dir='ltr'><strong>dimensa</strong></span> <span class='ocrx_word' id='word_1_212' title='bbox 1056 1371 1106 1408; x_wconf 90' lang='lat' dir='ltr'><strong>est</strong></span> <span class='ocrx_word' id='word_1_213' title='bbox 1124 1398 1134 1412; x_wconf 87' lang='lat'>‚</span> <span class='ocrx_word' id='word_1_214' title='bbox 1166 1371 1221 1407; x_wconf 87' lang='lat' dir='ltr'><strong>uti</strong></span> <span class='ocrx_word' id='word_1_215' title='bbox 1249 1369 1292 1406; x_wconf 83' lang='lat' dir='ltr'><strong>ad</strong></span> <span class='ocrx_word' id='word_1_216' title='bbox 1320 1369 1445 1407; x_wconf 84' lang='lat' dir='ltr'><strong>lumen</strong></span> <span class='ocrx_word' id='word_1_217' title='bbox 1480 1372 1517 1406; x_wconf 91' lang='lat' dir='ltr'><strong>in</strong></span> <span class='ocrx_word' id='word_1_218' title='bbox 1542 1372 1660 1406; x_wconf 82' lang='lat' dir='ltr'><strong>retina</strong></span> <span class='ocrx_word' id='word_1_219' title='bbox 1688 1370 1867 1419; x_wconf 88' lang='lat' dir='ltr'><strong>colligen-</strong></span> 
     </span>
     <span class='ocr_line' id='line_1_22' title="bbox 297 1425 1866 1476; baseline 0.001 -14"><span class='ocrx_word' id='word_1_220' title='bbox 297 1425 387 1464; x_wconf 86' lang='lat' dir='ltr'><strong>dum</strong></span> <span class='ocrx_word' id='word_1_221' title='bbox 414 1428 620 1476; x_wconf 74' lang='lat' dir='ltr'><strong>requiritur.</strong></span> <span class='ocrx_word' id='word_1_222' title='bbox 692 1425 737 1464; x_wconf 85' lang='lat' dir='ltr'><strong>Et</strong></span> <span class='ocrx_word' id='word_1_223' title='bbox 767 1432 888 1463; x_wconf 82' lang='lat' dir='ltr'><strong>tamen</strong></span> <span class='ocrx_word' id='word_1_224' title='bbox 917 1439 958 1463; x_wconf 82' lang='lat' dir='ltr'><strong>ea</strong></span> <span class='ocrx_word' id='word_1_225' title='bbox 985 1429 1126 1465; x_wconf 85' lang='lat' dir='ltr'><strong>ratione</strong></span> <span class='ocrx_word' id='word_1_226' title='bbox 1152 1426 1318 1463; x_wconf 83' lang='lat' dir='ltr'><strong>destituta</strong></span> <span class='ocrx_word' id='word_1_227' title='bbox 1345 1426 1502 1475; x_wconf 75' lang='lat' dir='ltr'><strong>potestas</strong></span> <span class='ocrx_word' id='word_1_228' title='bbox 1534 1426 1619 1463; x_wconf 85' lang='lat' dir='ltr'><strong>huic</strong></span> <span class='ocrx_word' id='word_1_229' title='bbox 1645 1426 1757 1464; x_wconf 88' lang='lat' dir='ltr'><strong>oculo</strong></span> <span class='ocrx_word' id='word_1_230' title='bbox 1790 1427 1866 1475; x_wconf 79' lang='lat' dir='ltr'><strong>pal-</strong></span> 
     </span>
     <span class='ocr_line' id='line_1_23' title="bbox 294 1482 1862 1532; baseline 0.001 -14"><span class='ocrx_word' id='word_1_231' title='bbox 294 1483 423 1531; x_wconf 73' lang='lat' dir='ltr'><strong>pebras</strong></span> <span class='ocrx_word' id='word_1_232' title='bbox 454 1483 677 1532; x_wconf 70' lang='lat' dir='ltr'><strong>praeposuit,</strong></span> <span class='ocrx_word' id='word_1_233' title='bbox 710 1482 746 1519; x_wconf 91' lang='lat'>&amp;</span> <span class='ocrx_word' id='word_1_234' title='bbox 772 1482 984 1531; x_wconf 68' lang='lat' dir='ltr'><strong>lupercilia‚</strong></span> <span class='ocrx_word' id='word_1_235' title='bbox 1017 1484 1053 1520; x_wconf 87' lang='lat'>&amp;</span> <span class='ocrx_word' id='word_1_236' title='bbox 1082 1482 1210 1520; x_wconf 86' lang='lat' dir='ltr'><strong>iridem</strong></span> <span class='ocrx_word' id='word_1_237' title='bbox 1237 1483 1322 1519; x_wconf 84' lang='lat' dir='ltr'><strong>fecit</strong></span> <span class='ocrx_word' id='word_1_238' title='bbox 1347 1482 1596 1520; x_wconf 64' lang='lat' dir='ltr'><strong>contractilem</strong></span> <span class='ocrx_word' id='word_1_239' title='bbox 1612 1511 1621 1525; x_wconf 86' lang='lat'><em>‚</em></span> <span class='ocrx_word' id='word_1_240' title='bbox 1655 1483 1692 1519; x_wconf 83' lang='lat'>&amp;</span> <span class='ocrx_word' id='word_1_241' title='bbox 1713 1482 1862 1521; x_wconf 73' lang='lat' dir='ltr'><strong>vicissim</strong></span> 
     </span>
     <span class='ocr_line' id='line_1_24' title="bbox 297 1538 1863 1590; baseline 0.001 -15"><span class='ocrx_word' id='word_1_242' title='bbox 297 1539 542 1582; x_wconf 72' lang='lat' dir='ltr'><strong>dilatabilem,</strong></span> <span class='ocrx_word' id='word_1_243' title='bbox 575 1546 616 1576; x_wconf 85' lang='lat' dir='ltr'><strong>ut</strong></span> <span class='ocrx_word' id='word_1_244' title='bbox 647 1550 767 1588; x_wconf 85' lang='lat' dir='ltr'><strong>neque</strong></span> <span class='ocrx_word' id='word_1_245' title='bbox 794 1551 813 1575; x_wconf 83' lang='lat' dir='ltr'>a</span> <span class='ocrx_word' id='word_1_246' title='bbox 840 1540 972 1587; x_wconf 87' lang='lat' dir='ltr'><strong>majori</strong></span> <span class='ocrx_word' id='word_1_247' title='bbox 996 1539 1136 1578; x_wconf 86' lang='lat' dir='ltr'><strong>lumine</strong></span> <span class='ocrx_word' id='word_1_248' title='bbox 1167 1538 1296 1578; x_wconf 87' lang='lat' dir='ltr'><strong>oculus</strong></span> <span class='ocrx_word' id='word_1_249' title='bbox 1329 1538 1545 1582; x_wconf 73' lang='lat' dir='ltr'><strong>laederetur,</strong></span> <span class='ocrx_word' id='word_1_250' title='bbox 1577 1552 1697 1590; x_wconf 87' lang='lat' dir='ltr'><strong>neque</strong></span> <span class='ocrx_word' id='word_1_251' title='bbox 1727 1541 1765 1577; x_wconf 87' lang='lat' dir='ltr'><strong>in</strong></span> <span class='ocrx_word' id='word_1_252' title='bbox 1793 1542 1863 1577; x_wconf 89' lang='lat' dir='ltr'><strong>mi-</strong></span> 
     </span>
     <span class='ocr_line' id='line_1_25' title="bbox 295 1597 668 1640; baseline 0 -8"><span class='ocrx_word' id='word_1_253' title='bbox 295 1597 380 1632; x_wconf 74' lang='lat' dir='ltr'><strong>nori</strong></span> <span class='ocrx_word' id='word_1_254' title='bbox 411 1597 594 1633; x_wconf 61' lang='lat' dir='ltr'><strong>mentiret</strong></span> <span class='ocrx_word' id='word_1_255' title='bbox 619 1597 668 1640; x_wconf 80' lang='lat' dir='ltr'><strong>n).</strong></span> 
     </span>
    </p>
   </div>
   <div class='ocr_carea' id='block_1_7' title="bbox 409 1676 1441 1720">
    <p class='ocr_par' dir='ltr' id='par_1_7' title="bbox 409 1676 1441 1720">
     <span class='ocr_line' id='line_1_26' title="bbox 409 1676 1441 1720; baseline 0 -6"><span class='ocrx_word' id='word_1_256' title='bbox 409 1676 480 1714; x_wconf 80' lang='lat' dir='ltr'><strong>Sed</strong></span> <span class='ocrx_word' id='word_1_257' title='bbox 512 1690 552 1714; x_wconf 79' lang='lat' dir='ltr'><strong>ea</strong></span> <span class='ocrx_word' id='word_1_258' title='bbox 586 1676 727 1714; x_wconf 81' lang='lat' dir='ltr'><strong>infinita</strong></span> <span class='ocrx_word' id='word_1_259' title='bbox 752 1677 859 1720; x_wconf 83' lang='lat' dir='ltr'><strong>sunt,</strong></span> <span class='ocrx_word' id='word_1_260' title='bbox 893 1677 929 1713; x_wconf 73' lang='grc' dir='ltr'><strong>δε</strong></span> <span class='ocrx_word' id='word_1_261' title='bbox 960 1677 1004 1714; x_wconf 86' lang='lat' dir='ltr'><strong>ab</strong></span> <span class='ocrx_word' id='word_1_262' title='bbox 1034 1676 1111 1714; x_wconf 87' lang='lat' dir='ltr'><strong>aliis</strong></span> <span class='ocrx_word' id='word_1_263' title='bbox 1142 1676 1196 1715; x_wconf 90' lang='lat' dir='ltr'><strong>CI.</strong></span> <span class='ocrx_word' id='word_1_264' title='bbox 1229 1678 1314 1714; x_wconf 87' lang='lat' dir='ltr'><strong>viris</strong></span> <span class='ocrx_word' id='word_1_265' title='bbox 1339 1677 1441 1718; x_wconf 58' lang='lat' dir='ltr'><strong>dicia⁴</strong></span> 
     </span>
    </p>
   </div>
   <div class='ocr_carea' id='block_1_8' title="bbox 297 1757 1861 1864">
    <p class='ocr_par' dir='ltr' id='par_1_8' title="bbox 297 1757 1861 1864">
     <span class='ocr_line' id='line_1_27' title="bbox 409 1757 1861 1808; baseline 0.001 -13"><span class='ocrx_word' id='word_1_266' title='bbox 409 1758 542 1808; x_wconf 79' lang='lat' dir='ltr'><strong>Neque</strong></span> <span class='ocrx_word' id='word_1_267' title='bbox 565 1757 663 1795; x_wconf 86' lang='lat' dir='ltr'><strong>aliud</strong></span> <span class='ocrx_word' id='word_1_268' title='bbox 693 1765 787 1807; x_wconf 88' lang='lat' dir='ltr'><strong>puto</strong></span> <span class='ocrx_word' id='word_1_269' title='bbox 813 1757 867 1796; x_wconf 92' lang='lat' dir='ltr'><strong>Cl.</strong></span> <span class='ocrx_word' id='word_1_270' title='bbox 895 1759 1015 1796; x_wconf 89' lang='lat' dir='ltr'><strong>virum</strong></span> <span class='ocrx_word' id='word_1_271' title='bbox 1038 1757 1162 1796; x_wconf 78' lang='lat' dir='ltr'><strong>vidiffe</strong></span> <span class='ocrx_word' id='word_1_272' title='bbox 1184 1787 1196 1802; x_wconf 92' lang='lat'><strong><em>,</em></strong></span> <span class='ocrx_word' id='word_1_273' title='bbox 1236 1758 1299 1796; x_wconf 77' lang='lat' dir='ltr'><strong>nifi</strong></span> <span class='ocrx_word' id='word_1_274' title='bbox 1332 1760 1556 1796; x_wconf 82' lang='lat' dir='ltr'><strong>incrementa</strong></span> <span class='ocrx_word' id='word_1_275' title='bbox 1583 1757 1705 1807; x_wconf 89' lang='lat' dir='ltr'><strong>pulli,</strong></span> <span class='ocrx_word' id='word_1_276' title='bbox 1737 1770 1818 1808; x_wconf 85' lang='lat' dir='ltr'><strong>quae</strong></span> <span class='ocrx_word' id='word_1_277' title='bbox 1841 1771 1861 1796; x_wconf 87' lang='lat' dir='ltr'>a</span> 
     </span>
     <span class='ocr_line' id='line_1_28' title="bbox 297 1813 903 1864; baseline -0.002 -12"><span class='ocrx_word' id='word_1_278' title='bbox 297 1814 418 1852; x_wconf 78' lang='lat' dir='ltr'><strong>calore</strong></span> <span class='ocrx_word' id='word_1_279' title='bbox 452 1816 488 1852; x_wconf 88' lang='lat'>&amp;</span> <span class='ocrx_word' id='word_1_280' title='bbox 522 1827 541 1852; x_wconf 92' lang='lat' dir='ltr'>a</span> <span class='ocrx_word' id='word_1_281' title='bbox 570 1813 683 1852; x_wconf 84' lang='lat' dir='ltr'><strong>corde</strong></span> <span class='ocrx_word' id='word_1_282' title='bbox 716 1822 903 1864; x_wconf 86' lang='lat' dir='ltr'><strong>reguntur.</strong></span> 
     </span>
    </p>
   </div>
   <div class='ocr_carea' id='block_1_9' title="bbox 776 1924 1396 1972">
    <p class='ocr_par' dir='ltr' id='par_1_9' title="bbox 776 1924 1396 1972">
     <span class='ocr_line' id='line_1_29' title="bbox 776 1924 1396 1972; baseline -0.003 -8"><span class='ocrx_word' id='word_1_283' title='bbox 776 1931 810 1972; x_wconf 76' lang='lat'><strong>§.</strong></span> <span class='ocrx_word' id='word_1_284' title='bbox 843 1926 968 1966; x_wconf 84' lang='lat' dir='ltr'><strong>XVII.</strong></span> <span class='ocrx_word' id='word_1_285' title='bbox 1029 1924 1201 1964; x_wconf 68' lang='lat' dir='ltr'><strong>fflodulus</strong></span> <span class='ocrx_word' id='word_1_286' title='bbox 1234 1926 1396 1962; x_wconf 80' lang='lat' dir='ltr'><strong>interior.</strong></span> 
     </span>
    </p>
   </div>
   <div class='ocr_carea' id='block_1_10' title="bbox 293 2013 1857 2121">
    <p class='ocr_par' dir='ltr' id='par_1_10' title="bbox 293 2013 1857 2121">
     <span class='ocr_line' id='line_1_30' title="bbox 409 2013 1856 2067; baseline 0.001 -14"><span class='ocrx_word' id='word_1_287' title='bbox 409 2013 477 2053; x_wconf 74' lang='lat' dir='ltr'><strong>Etfi</strong></span> <span class='ocrx_word' id='word_1_288' title='bbox 506 2016 581 2054; x_wconf 57' lang='lat' dir='ltr'><strong>lizec</strong></span> <span class='ocrx_word' id='word_1_289' title='bbox 611 2016 819 2067; x_wconf 83' lang='lat' dir='ltr'><strong>hypothefis</strong></span> <span class='ocrx_word' id='word_1_290' title='bbox 850 2018 994 2055; x_wconf 78' lang='lat' dir='ltr'><strong>videtui·</strong></span> <span class='ocrx_word' id='word_1_291' title='bbox 1019 2017 1066 2054; x_wconf 73' lang='lat' dir='ltr'><strong>ad</strong></span> <span class='ocrx_word' id='word_1_292' title='bbox 1087 2016 1311 2054; x_wconf 75' lang='lat' dir='ltr'><strong>evolutionis</strong></span> <span class='ocrx_word' id='word_1_293' title='bbox 1339 2028 1454 2064; x_wconf 82' lang='lat' dir='ltr'><strong>genus</strong></span> <span class='ocrx_word' id='word_1_294' title='bbox 1477 2015 1646 2054; x_wconf 57' lang='lat' dir='ltr'><strong>hauenus</strong></span> <span class='ocrx_word' id='word_1_295' title='bbox 1665 2018 1856 2066; x_wconf 76' lang='lat' dir='ltr'><strong>pertinere,</strong></span> 
     </span>
     <span class='ocr_line' id='line_1_31' title="bbox 293 2072 1857 2121; baseline 0.001 -12"><span class='ocrx_word' id='word_1_296' title='bbox 293 2072 394 2121; x_wconf 70' lang='lat' dir='ltr'><strong>quod</strong></span> <span class='ocrx_word' id='word_1_297' title='bbox 425 2073 468 2109; x_wconf 75' lang='lat' dir='ltr'><strong>ud</strong></span> <span class='ocrx_word' id='word_1_298' title='bbox 490 2073 621 2109; x_wconf 68' lang='lat' dir='ltr'><strong>animi</strong></span> <span class='ocrx_word' id='word_1_299' title='bbox 649 2075 721 2121; x_wconf 82' lang='lat' dir='ltr'><strong>jam</strong></span> <span class='ocrx_word' id='word_1_300' title='bbox 751 2073 917 2111; x_wconf 80' lang='lat' dir='ltr'><strong>exfistens</strong></span> <span class='ocrx_word' id='word_1_301' title='bbox 943 2075 1110 2111; x_wconf 79' lang='lat' dir='ltr'><strong>materies</strong></span> <span class='ocrx_word' id='word_1_302' title='bbox 1138 2074 1176 2109; x_wconf 90' lang='lat' dir='ltr'><strong>in</strong></span> <span class='ocrx_word' id='word_1_303' title='bbox 1212 2084 1352 2109; x_wconf 84' lang='lat' dir='ltr'><strong>novum</strong></span> <span class='ocrx_word' id='word_1_304' title='bbox 1379 2072 1495 2109; x_wconf 88' lang='lat' dir='ltr'><strong>fetum</strong></span> <span class='ocrx_word' id='word_1_305' title='bbox 1520 2072 1706 2121; x_wconf 77' lang='lat' dir='ltr'><strong>fingatur3</strong></span> <span class='ocrx_word' id='word_1_306' title='bbox 1736 2081 1857 2110; x_wconf 78' lang='lat' dir='ltr'><strong>tamen</strong></span> 
     </span>
    </p>
   </div>
   <div class='ocr_carea' id='block_1_11' title="bbox 293 2128 1858 2223">
    <p class='ocr_par' dir='ltr' id='par_1_11' title="bbox 293 2128 1858 2223">
     <span class='ocr_line' id='line_1_32' title="bbox 293 2128 1858 2179; baseline 0.001 -14"><span class='ocrx_word' id='word_1_307' title='bbox 293 2140 372 2178; x_wconf 78' lang='lat' dir='ltr'><strong>quae</strong></span> <span class='ocrx_word' id='word_1_308' title='bbox 390 2128 435 2165; x_wconf 82' lang='lat' dir='ltr'><strong>de</strong></span> <span class='ocrx_word' id='word_1_309' title='bbox 462 2129 657 2178; x_wconf 72' lang='lat' dir='ltr'><strong>spontanea</strong></span> <span class='ocrx_word' id='word_1_310' title='bbox 681 2132 918 2179; x_wconf 85' lang='lat' dir='ltr'><strong>generatione</strong></span> <span class='ocrx_word' id='word_1_311' title='bbox 943 2131 1027 2167; x_wconf 86' lang='lat' dir='ltr'><strong>alibi</strong></span> <span class='ocrx_word' id='word_1_312' title='bbox 1046 2129 1083 2173; x_wconf 86' lang='lat' dir='ltr'><strong>a)</strong></span> <span class='ocrx_word' id='word_1_313' title='bbox 1109 2130 1183 2176; x_wconf 83' lang='lat' dir='ltr'><strong>ejus</strong></span> <span class='ocrx_word' id='word_1_314' title='bbox 1210 2129 1335 2166; x_wconf 64' lang='lat' dir='ltr'><strong>auftor</strong></span> <span class='ocrx_word' id='word_1_315' title='bbox 1350 2156 1360 2170; x_wconf 86' lang='lat'>,</span> <span class='ocrx_word' id='word_1_316' title='bbox 1375 2128 1508 2179; x_wconf 82' lang='lat' dir='ltr'><strong>aliique</strong></span> <span class='ocrx_word' id='word_1_317' title='bbox 1533 2131 1608 2177; x_wconf 83' lang='lat' dir='ltr'><strong>ejus</strong></span> <span class='ocrx_word' id='word_1_318' title='bbox 1633 2131 1762 2172; x_wconf 80' lang='lat' dir='ltr'><strong>amici,</strong></span> <span class='ocrx_word' id='word_1_319' title='bbox 1795 2128 1858 2166; x_wconf 84' lang='lat' dir='ltr'><strong>fibi</strong></span> 
     </span>
     <span class='ocr_line' id='line_1_33' title="bbox 1764 2185 1856 2223; baseline -0.011 0"><span class='ocrx_word' id='word_1_320' title='bbox 1764 2185 1856 2223; x_wconf 84' lang='lat' dir='ltr'><strong>elabi</strong></span> 
     </span>
    </p>
   </div>
   <div class='ocr_carea' id='block_1_12' title="bbox 332 2262 1850 2423">
    <p class='ocr_par' dir='ltr' id='par_1_12' title="bbox 332 2262 1013 2302">
     <span class='ocr_line' id='line_1_34' title="bbox 332 2262 1013 2302; baseline 0.003 -10"><span class='ocrx_word' id='word_1_321' title='bbox 332 2264 362 2292; x_wconf 70' lang='lat' dir='ltr'><strong>k)</strong></span> <span class='ocrx_word' id='word_1_322' title='bbox 387 2262 515 2291; x_wconf 58' lang='lat' dir='ltr'><strong>Mum,</strong></span> <span class='ocrx_word' id='word_1_323' title='bbox 538 2263 630 2298; x_wconf 69' lang='lat' dir='ltr'><strong>Itzslit.</strong></span> <span class='ocrx_word' id='word_1_324' title='bbox 658 2265 730 2293; x_wconf 77' lang='lat' dir='ltr'><strong>med.</strong></span> <span class='ocrx_word' id='word_1_325' title='bbox 754 2264 882 2294; x_wconf 69' lang='lat' dir='ltr'><strong>mechom.</strong></span> <span class='ocrx_word' id='word_1_326' title='bbox 901 2274 929 2302; x_wconf 89' lang='lat' dir='ltr'><strong>p.</strong></span> <span class='ocrx_word' id='word_1_327' title='bbox 946 2273 1013 2294; x_wconf 85' lang='lat'><strong>212.</strong></span> 
     </span>
    </p>

    <p class='ocr_par' dir='ltr' id='par_1_13' title="bbox 338 2302 917 2342">
     <span class='ocr_line' id='line_1_35' title="bbox 338 2302 917 2342; baseline 0.003 -12"><span class='ocrx_word' id='word_1_328' title='bbox 338 2303 363 2334; x_wconf 92' lang='lat' dir='ltr'><strong>I)</strong></span> <span class='ocrx_word' id='word_1_329' title='bbox 388 2303 472 2332; x_wconf 69' lang='grc' dir='ltr'><strong>ΡΑῊ.</strong></span> <span class='ocrx_word' id='word_1_330' title='bbox 494 2302 702 2342; x_wconf 65' lang='lat' dir='ltr'><strong>Cricic.1fizmz</strong></span> <span class='ocrx_word' id='word_1_331' title='bbox 728 2313 756 2341; x_wconf 89' lang='lat' dir='ltr'><strong>p.</strong></span> <span class='ocrx_word' id='word_1_332' title='bbox 771 2310 917 2338; x_wconf 83' lang='lat'><strong>218.222.</strong></span> 
     </span>
    </p>

    <p class='ocr_par' dir='ltr' id='par_1_14' title="bbox 332 2343 1208 2382">
     <span class='ocr_line' id='line_1_36' title="bbox 332 2343 1208 2382; baseline 0.003 -12"><span class='ocrx_word' id='word_1_333' title='bbox 332 2353 361 2371; x_wconf 86' lang='lat' dir='ltr'><strong><em>m</em></strong></span> <span class='ocrx_word' id='word_1_334' title='bbox 392 2343 560 2372; x_wconf 46' lang='lat' dir='ltr'><strong>illi-mein..</strong></span> <span class='ocrx_word' id='word_1_335' title='bbox 582 2344 710 2374; x_wconf 59' lang='lat' dir='ltr'><strong>Dour.</strong></span> <span class='ocrx_word' id='word_1_336' title='bbox 734 2354 760 2381; x_wconf 84' lang='lat' dir='ltr'><strong>p.</strong></span> <span class='ocrx_word' id='word_1_337' title='bbox 779 2348 846 2378; x_wconf 78' lang='lat'><strong>466.</strong></span> <span class='ocrx_word' id='word_1_338' title='bbox 865 2348 970 2375; x_wconf 74' lang='lat' dir='ltr'><strong>franc.</strong></span> <span class='ocrx_word' id='word_1_339' title='bbox 984 2347 1079 2382; x_wconf 76' lang='lat' dir='ltr'><strong>Satyr.</strong></span> <span class='ocrx_word' id='word_1_340' title='bbox 1097 2354 1125 2382; x_wconf 85' lang='lat' dir='ltr'><strong>p.</strong></span> <span class='ocrx_word' id='word_1_341' title='bbox 1144 2353 1208 2382; x_wconf 77' lang='lat'><strong>354.</strong></span> 
     </span>
    </p>

    <p class='ocr_par' dir='ltr' id='par_1_15' title="bbox 333 2383 1850 2423">
     <span class='ocr_line' id='line_1_37' title="bbox 333 2383 1850 2423; baseline 0.002 -12"><span class='ocrx_word' id='word_1_342' title='bbox 333 2387 367 2410; x_wconf 52' lang='lat' dir='ltr'><strong>ni</strong></span> <span class='ocrx_word' id='word_1_343' title='bbox 390 2384 473 2412; x_wconf 57' lang='lat' dir='ltr'><strong>conf.</strong></span> <span class='ocrx_word' id='word_1_344' title='bbox 492 2384 551 2412; x_wconf 60' lang='lat' dir='ltr'><strong>lim</strong></span> <span class='ocrx_word' id='word_1_345' title='bbox 570 2386 704 2414; x_wconf 63' lang='lat' dir='ltr'><strong>wisdom.</strong></span> <span class='ocrx_word' id='word_1_346' title='bbox 723 2384 758 2422; x_wconf 82' lang='lat' dir='ltr'><strong>os</strong></span> <span class='ocrx_word' id='word_1_347' title='bbox 770 2386 837 2414; x_wconf 83' lang='lat' dir='ltr'><strong>God.</strong></span> <span class='ocrx_word' id='word_1_348' title='bbox 852 2395 881 2423; x_wconf 90' lang='lat' dir='ltr'><strong>p.</strong></span> <span class='ocrx_word' id='word_1_349' title='bbox 896 2395 944 2422; x_wconf 83' lang='lat'><strong>45.</strong></span> <span class='ocrx_word' id='word_1_350' title='bbox 959 2386 986 2415; x_wconf 73' lang='grc' dir='ltr'><strong>δι</strong></span> <span class='ocrx_word' id='word_1_351' title='bbox 1002 2385 1038 2414; x_wconf 88' lang='lat' dir='ltr'><strong>de</strong></span> <span class='ocrx_word' id='word_1_352' title='bbox 1054 2384 1278 2414; x_wconf 75' lang='lat' dir='ltr'><strong>fermentatione</strong></span> <span class='ocrx_word' id='word_1_353' title='bbox 1299 2383 1529 2414; x_wconf 62' lang='lat' dir='ltr'><strong>vfflsimmu</strong></span> <span class='ocrx_word' id='word_1_354' title='bbox 1546 2387 1626 2423; x_wconf 81' lang='lat' dir='ltr'><strong>oper.</strong></span> <span class='ocrx_word' id='word_1_355' title='bbox 1639 2383 1735 2414; x_wconf 88' lang='lat' dir='ltr'><strong>T.111.</strong></span> <span class='ocrx_word' id='word_1_356' title='bbox 1750 2393 1769 2422; x_wconf 87' lang='lat' dir='ltr'><strong>p</strong></span> <span class='ocrx_word' id='word_1_357' title='bbox 1783 2386 1850 2419; x_wconf 80' lang='lat'><strong>618.</strong></span> 
     </span>
    </p>
   </div>
   <div class='ocr_carea' id='block_1_13' title="bbox 337 2429 1147 2461">
    <p class='ocr_par' dir='ltr' id='par_1_16' title="bbox 337 2429 1147 2461">
     <span class='ocr_line' id='line_1_38' title="bbox 337 2429 1147 2461; baseline 0.001 -9"><span class='ocrx_word' id='word_1_358' title='bbox 337 2432 369 2460; x_wconf 73' lang='grc' dir='ltr'><strong>αι)</strong></span> <span class='ocrx_word' id='word_1_359' title='bbox 391 2433 419 2461; x_wconf 87' lang='lat' dir='ltr'><strong>p.</strong></span> <span class='ocrx_word' id='word_1_360' title='bbox 441 2429 505 2457; x_wconf 82' lang='lat'>108·</span> <span class='ocrx_word' id='word_1_361' title='bbox 1145 2443 1147 2446; x_wconf 92' lang='lat'><em>-</em></span> 
     </span>
    </p>
   </div>
  </div>
 </body>
</html>
