1955 2732
299 116 383 152 314
779 99 873 141 Lm.
896 101 1045 140 XXIX.
1108 101 1136 140 F
1165 102 1195 141 E
1224 102 1258 142 T
1287 102 1322 141 u
1352 103 1385 141 s,

853 213 888 255 s,
921 207 1070 247 XXIV.
1135 209 1318 258 Epiphffls.

419 298 609 350 Epiphyfis
653 297 734 337 offis
770 301 934 349 primaevi
971 299 1141 336 haetenus
1169 312 1250 348 pars
1279 301 1328 338 est
1353 329 1362 343 ‚
1399 301 1500 349 quod
1530 303 1626 339 nulla
1648 304 1742 342 linea
1768 305 1868 354 sepa-

311 369 392 396 rans
409 358 576 407 adpareat
599 385 607 398 ‚
642 357 678 392 &
692 357 793 405 quod
810 367 927 394 unum
946 367 1146 393 commune
1162 368 1297 406 corpus
1322 356 1463 395 efficere
1483 359 1662 403 videatur,
1678 362 1780 411 quod
1805 362 1867 400 de-

313 425 419 453 mum
442 414 624 463 praecipua
646 411 706 449 sua
732 411 809 450 vasa
833 424 880 450 ex
909 410 982 450 offe
1007 412 1146 450 habeat.

426 494 568 532 Tamen
592 494 717 542 primis
741 494 813 540 jam
837 493 964 530 diebus
992 493 1129 531 facilins
1155 493 1199 530 ad
1223 494 1342 531 sedem
1365 495 1560 532 commissae
1586 495 1800 546 epiphyseos
1824 510 1866 536 os

311 550 468 600 plicatur
489 578 498 593 ‚
540 551 572 586 ἃ
609 549 789 599 epiphyfis
823 549 982 591 secedit,
1016 559 1124 600 atque
1156 552 1377 600 periosteum
1410 551 1475 589 fibi
1500 556 1699 590 accuratius
1730 565 1868 602 nexum

311 606 474 645 avulsum
495 605 671 643 abstrahit.

428 685 593 725 Demum
619 685 797 736 epiphyfis
821 687 988 736 inaequali
1013 688 1150 737 ubique
1173 687 1359 737 superficie
1383 688 1502 737 aspera
1518 718 1528 732 ,
1551 690 1587 725 &
1609 692 1740 738 partim
1758 692 1795 727 in
1810 699 1867 730 tu-

313 743 460 781 bercula
486 744 620 781 elevata
638 771 647 786 ‚
680 745 812 791 partim
835 744 874 780 in
893 743 1118 783 scrobeculas
1139 743 1318 793 depressa,
1352 757 1437 783 cum
1458 744 1531 783 offe
1548 748 1690 789 unitur,
1708 755 1749 785 ut
1769 748 1868 786 nulla

313 800 446 837 lamina
471 800 640 848 periostei
664 799 698 836 se
721 799 880 836 mediam
906 801 1123 849 interponat.

429 879 555 926 Quare
581 880 658 918 sero
678 880 757 917 satis
773 908 783 923 ,
819 881 855 917 δε
879 880 1019 930 semper
1048 882 1158 930 paulo
1182 882 1424 930 imperfestius
1439 911 1448 925 ‚
1482 881 1660 932 epiphyfis
1687 895 1772 920 curn
1793 883 1866 922 offe

314 938 459 985 integro
484 937 712 974 connascitur
730 965 739 979 ‚
772 949 892 985 neque
920 949 1035 986 porro
1060 938 1161 974 limes
1185 939 1325 975 medius
1349 938 1512 987 superest.
1556 938 1600 976 Et
1619 948 1738 976 tamen
1759 942 1867 978 etiam

314 994 353 1030 in
371 992 498 1031 adulto
518 992 670 1030 homine
688 1004 753 1042 per
770 994 922 1031 morbos
944 993 1131 1043 epiphyses
1154 993 1198 1031 de
1224 1006 1381 1043 corpore
1403 994 1483 1032 offis
1507 995 1697 1032 decedunt.

428 1073 541 1112 Nunc
570 1075 769 1123 accipimus
801 1073 988 1123 epiphyfin
1017 1074 1075 1113 die
1095 1075 1169 1112 fere
1194 1085 1251 1122 17.
1270 1075 1361 1125 pulli
1377 1077 1538 1115 incubati
1557 1104 1567 1119 ,
1600 1076 1868 1125 cartilagineam

314 1136 429 1169 totam
447 1159 457 1173 ‚
492 1132 530 1167 in
555 1143 626 1180 qua
650 1130 741 1167 nihil
767 1132 932 1178 organici
955 1134 1117 1180 reperias.

427 1211 533 1250 Circa
559 1224 598 1249 ea
623 1219 790 1260 tempora
807 1239 817 1254 ,
851 1211 1038 1249 vasculosae
1062 1212 1164 1250 lineae
1187 1212 1267 1250 offis
1291 1213 1465 1262 principis
1493 1220 1736 1262 pervenerunt
1759 1213 1801 1250 ad
1826 1212 1867 1250 fi-

315 1280 400 1305 nem
425 1268 538 1317 usque
559 1270 668 1317 partis
689 1266 791 1305 osseae
807 1296 817 1311 ,
851 1280 961 1317 quain
979 1268 1126 1307 modica
1146 1269 1320 1317 cartilago
1341 1269 1494 1307 sublinit.

426 1348 480 1386 Eo
508 1350 615 1386 etiam
641 1356 809 1399 tempore
831 1349 908 1387 vasa
930 1349 1108 1388 linearum
1131 1350 1258 1388 circuli
1278 1343 1448 1388 vasculofi
1469 1349 1750 1388 numerofiffima
1771 1349 1864 1394 sunt,

315 1404 361 1442 ad
383 1415 446 1452 43.
477 1405 589 1454 usque
610 1404 675 1451 a);
706 1418 825 1455 neque
855 1405 973 1443 solum
1003 1418 1066 1455 per
1090 1408 1268 1444 ambitum
1289 1407 1416 1445 circuli
1440 1407 1485 1443 ad
1507 1407 1662 1444 limitem
1689 1406 1770 1445 offis
1804 1420 1868 1445 ve·

314 1463 422 1498 niunt
441 1490 450 1504 ,
482 1461 541 1498 sed
569 1468 683 1498 totam
711 1474 810 1499 nunc
833 1474 952 1499 aream
980 1463 1190 1501 circularem
1212 1463 1279 1501 suis
1304 1463 1519 1501 seciionibus
1544 1464 1707 1512 implent.
1767 1462 1868 1501 Refi-

316 1517 404 1554 stere
433 1517 568 1566 aliquid
595 1530 638 1556 eo
663 1518 750 1555 loco
778 1518 899 1556 credas
917 1546 926 1561 ,
956 1530 1041 1556 cum
1070 1519 1157 1557 fines
1189 1520 1416 1558 vasculorum
1443 1521 1480 1556 in
1504 1519 1687 1557 clavarum
1709 1519 1866 1569 speciem

317 1572 509 1610 dilatentur
527 1572 573 1616 h).

427 1653 525 1703 Ergo
544 1683 554 1697 ‚
589 1654 646 1691 die
672 1654 745 1691 fere
778 1662 836 1697 18.
869 1657 1017 1694 ineunte
1033 1684 1043 1699 ‚
1076 1668 1204 1694 eorum
1230 1657 1396 1695 vasorum
1422 1657 1540 1706 aliqua
1564 1656 1734 1693 laminam
1758 1668 1800 1694 os
1823 1654 1867 1693 fi-

315 1712 503 1753 nientem,
539 1712 574 1747 &
607 1711 759 1748 crustam
794 1713 868 1760 ejus
907 1713 1174 1761 cartilaginem]
1204 1713 1418 1762 perforant,
1455 1716 1566 1763 inque
1597 1712 1865 1761 cartilagineam

316 1766 503 1816 epiphyfin
528 1773 742 1816 penetrant,
774 1768 849 1806 duo
867 1770 925 1812 c),
950 1771 1015 1806 tria
1031 1768 1086 1818 d).

429 1847 602 1884 Paulatim
627 1861 666 1885 ea
692 1861 846 1886 numero
874 1857 1052 1897 augentur
1068 1877 1077 1892 ,
1097 1857 1138 1887 ut
1163 1849 1240 1887 finis
1257 1849 1336 1887 offis
1355 1878 1364 1893 ,
1398 1862 1474 1900 quo
1501 1848 1687 1898 epiphyfin
1707 1843 1862 1898 respicit,

314 1915 414 1941 nunc
442 1905 478 1940 in
505 1903 798 1953 hemisphaerium
818 1905 850 1949 e)
879 1906 1106 1949 crib-rosum,
1139 1907 1174 1943 δι
1204 1906 1426 1944 vasculosum
1454 1907 1583 1947 abeat,
1615 1904 1717 1955 quod
1741 1912 1865 1942 totum

314 1972 408 2010 pene
433 1961 631 1998 innumeris
657 1961 806 1998 vasculis
835 1962 1050 2010 perforetur.

431 2039 478 2078 Ea
493 2069 501 2082 ‚
535 2053 554 2078 a
575 2043 722 2078 nutritia
742 2043 867 2080 arteria
889 2049 966 2079 nata
982 2070 991 2086 ,
1025 2055 1088 2092 per
1113 2043 1229 2082 sulcos
1257 2042 1446 2080 cellulosos
1472 2043 1634 2079 internos
1661 2040 1740 2078 offis
1764 2051 1863 2078 nunc

315 2099 350 2135 in
381 2095 567 2146 epiphyfin
593 2097 626 2134 se
650 2105 841 2147 penetrant
854 2096 899 2147 f)
913 2111 924 2145 3
955 2099 1066 2137 rubro
1091 2100 1196 2148 plena
1212 2098 1404 2147 sanguine,
1434 2110 1700 2147 nonnunquam
1714 2097 1864 2148 pelluci-

1787 2152 1830 2189 da
1847 2164 1859 2198 ;

354 2205 385 2234 a]
411 2199 478 2234 Otus.
500 2214 561 2235 102.
583 2205 652 2234 hora
670 2216 733 2241 500.

355 2246 386 2281 h)
409 2245 536 2282 Ob1196.
556 2245 624 2275 hora
639 2250 706 2281 456.

354 2288 381 2319 ε)
404 2286 470 2314 0th
486 2292 530 2320 ¹39.
549 2286 616 2315 bora
629 2297 697 2321 4¹4-

356 2327 388 2355 dl
412 2326 478 2354 ΟΜ.
492 2337 537 2361 93.
555 2326 700 2363 horn438.

355 2366 380 2399 e)
404 2366 559 2399 Horum-10,
579 2366 699 2403 0'01199.
719 2366 1100 2403 obs.109.110.111.112
1122 2377 1263 2405 113.115.
1284 2372 1345 2398 116.

349 2405 384 2440 f)
407 2406 1230 2447 Ubi-9⁶·99·102·107·108·109·1¹¹-¹12·¹13·¹¹50116·
