1955 2732
291 107 974 153 SEcz11.STATUS
1035 107 1448 153 HOMINIS.
1607 120 1658 159 69

122 207 214 247 Non
247 208 297 246 est
320 209 436 246 inanis
460 208 523 245 ista
549 205 747 256 speculatio
778 212 789 255 (
810 213 880 256 e);
914 203 1150 244 confirmatur
1172 204 1273 244 sensu
1289 234 1299 250 ,
1335 208 1370 244 &
1393 208 1481 245 tristi
1511 209 1549 246 in
1572 215 1656 247 toto

59 278 218 317 corpore
244 269 389 306 animali
413 269 677 317 experimento.
720 264 850 304 Mollis
880 265 940 303 illa
971 266 1063 304 cutis
1085 265 1273 308 infantuli,
1307 267 1346 303 in
1373 268 1515 315 virgine
1537 269 1657 308 nubili

60 326 189 366 sericea
205 356 214 371 ,
249 330 376 376 incipit
401 327 607 369 durescere,
642 326 679 363 &
706 326 806 374 rugis
835 327 980 368 notari,
1016 337 1102 364 cum
1129 325 1298 363 cellulosa
1319 327 1394 373 ejus
1414 334 1542 364 natura
1577 340 1658 367 eam

61 386 242 430 adtrahat,
276 396 317 425 ut
341 386 500 434 subjesto
530 385 636 434 adipe
668 386 852 434 amplior,
884 386 922 422 in
950 385 1061 434 plicas
1095 385 1309 434 duplicetur,
1347 384 1436 434 Ipsis
1466 387 1503 424 in
1535 387 1657 437 palpet,

59 446 134 483 bris
162 448 286 496 primae
311 458 410 494 rugae
430 446 625 495 adparent,
654 444 780 481 senfim
805 445 951 493 ubique.
988 444 1119 495 Neque
1146 443 1227 482 finis
1260 446 1351 487 erit,
1387 446 1422 482 &
1441 457 1481 483 ea
1507 447 1545 483 in
1570 456 1654 485 cute

58 505 243 542 indui-atio
277 506 397 554 pergit
423 518 485 555 per
503 512 625 543 totum
655 503 797 541 virilem
831 503 961 541 statum
984 531 994 546 ,
1043 511 1197 552 augetur
1243 505 1280 542 in
1305 504 1431 548 senio,
1466 505 1654 557 annosque

53 566 92 601 in
108 564 235 602 ultima
258 572 364 603 aetate
384 564 498 602 fronti
524 563 693 602 inscribit.
729 563 947 602 Vetularum
962 563 1055 601 cutis
1084 563 1174 613 saepe
1194 564 1255 602 vix
1280 563 1450 614 scalpello
1467 566 1583 609 cedit,
1613 573 1654 605 ut

55 633 121 672 per
142 623 349 673 frequentes
376 623 567 662 incisiones
602 630 773 672 expertus
797 622 885 661 sum.

115 683 212 722 Cum
245 693 329 722 cute
350 683 603 722 connexisunt
623 682 753 731 capilli.
791 681 962 721 Ostendit
990 683 1063 729 jam
1085 683 1214 720 citatus
1234 695 1253 719 a
1273 683 1380 722 nobis
1401 683 1439 722 ΒΕ
1466 684 1534 723 Ro
1551 698 1571 723 Β
1586 698 1598 724 1
1612 698 1655 725 Ne

56 754 146 780 aon
178 742 276 792 (f),
311 744 356 780 ab
393 755 492 781 anno
527 750 636 780 aet-atis
669 742 796 780 ociavo
844 744 937 779 vires
982 742 1201 791 capillorum
1234 742 1278 780 ad
1311 756 1460 782 annum.
1497 755 1562 783 22.
1597 748 1652 784 iu-

54 800 199 839 crevisse
219 814 238 839 a
261 803 420 852 partibus
448 812 598 846 10309.
633 802 678 839 ad
703 810 819 851 partes
851 812 898 838 12
908 807 962 844 96
970 815 1001 847 7.
1040 801 1129 838 Non
1151 803 1202 839 ibi
1229 801 1380 841 subsistit
1409 805 1540 842 virium
1561 817 1652 844 con-

51 861 244 899 traffllium
263 870 523 911 augmentum.
559 864 626 900 erit
651 862 868 900 eorumdem
900 860 1118 912 capillorum
1136 861 1250 899 robur
1268 874 1365 900 anno
1397 874 1459 910 57.
1489 868 1652 914 partium

54 929 209 968 25000.
241 921 313 959 fere
338 922 454 971 sesqui
481 921 634 959 alterum
659 923 801 970 prioris.

111 978 155 1017 In
184 980 255 1019 alio
286 981 458 1030 exemplo
474 1009 484 1024 ,
520 992 606 1019 cum
637 983 688 1019 vis
708 981 888 1019 siccorum
910 981 1126 1030 capillorum
1144 993 1242 1019 anno
1267 981 1394 1020 oeravo
1412 979 1497 1021 esset
1518 987 1651 1030 7812.'

50 1038 120 1077 fuit
148 1051 244 1079 anno
274 1051 338 1078 22.
372 1041 528 1091 partium
566 1047 718 1086 14285.
763 1053 896 1091 nempe
927 1052 1021 1090 pene
1051 1040 1181 1091 dupla,
1218 1042 1255 1080 &
1282 1053 1380 1080 anno
1416 1053 1465 1089 57
1487 1046 1647 1094 partium

51 1108 194 1137 22222
229 1102 333 1148 (g),
367 1102 498 1138 iterum
525 1099 637 1149 sesqui
669 1100 786 1138 altera.

109 1157 254 1198 Cornea
287 1160 386 1198 oculi
412 1160 621 1197 membrana
652 1160 738 1205 (h)
771 1159 815 1197 ad
843 1172 960 1197 cornu
989 1159 1129 1198 accedit
1147 1187 1156 1203 ,
1192 1161 1229 1197 &
1264 1159 1310 1197 ad
1339 1161 1529 1206 humidam
1541 1165 1645 1202 cattio

46 1216 215 1266 laginem.
282 1217 331 1256 Ea
360 1221 396 1256 iu
421 1219 497 1258 fetu
523 1219 559 1256 ἃ
587 1218 723 1256 infante
755 1218 908 1268 globosa
938 1220 1144 1257 eminebat:
1178 1220 1331 1258 cedebat
1356 1234 1494 1272 nempe
1527 1225 1644 1272 impe=

46 1279 100 1314 tui
117 1277 317 1316 humorum
337 1280 432 1316 intus
453 1279 671 1327 urgentium⁰
708 1277 798 1315 Non
819 1281 865 1317 ita
891 1280 928 1316 in
954 1278 1059 1317 seue:
1095 1278 1239 1328 planior
1266 1281 1375 1317 enim,
1386 1280 1426 1319 fit
1442 1310 1452 1325 ‚
1488 1283 1524 1320 &
1542 1295 1640 1333 quae-

47 1348 119 1386 que
145 1338 220 1384 ejus
249 1340 359 1385 virgas
381 1338 614 1389 longitudine
647 1339 883 1381 minuuntur,
917 1345 959 1376 ut
991 1339 1027 1375 ἅτ
1052 1339 1181 1377 oculus
1206 1338 1396 1378 discrimen
1428 1342 1566 1384 videat.
1604 1344 1640 1381 ἃ

46 1396 139 1435 visus
163 1397 235 1446 ipse
264 1397 431 1442 testetur,
466 1400 529 1448 qui
556 1408 657 1435 nunc
683 1396 800 1437 senilis
831 1397 905 1440 est,
938 1397 1130 1448 radiosque
1167 1400 1206 1435 in
1236 1398 1395 1447 planiori
1423 1402 1535 1441 oculo
1563 1402 1640 1441 len,

44 1457 114 1494 tius
145 1457 295 1507 colligit.

105 1515 287 1553 Cellulosa
311 1517 380 1553 tela
397 1517 614 1555 subcutanea
631 1518 676 1564 (i
691 1519 710 1563 )
744 1519 782 1555 in
803 1516 1146 1568 puero-molliffima
1163 1547 1172 1561 2
1208 1520 1282 1556 abit
1313 1523 1470 1558 nuncin
1498 1522 1609 1572 longa
1626 1527 1641 1565 ‚¹

44 1573 206 1624 duraque
242 1575 319 1615 fila,
356 1587 515 1625 quorum
539 1577 652 1612 robur
672 1575 760 1625 saepe
790 1576 868 1613 sum
898 1575 1121 1620 admiratus,
1161 1578 1309 1625 quando
1347 1579 1391 1615 ad
1424 1592 1547 1623 aures,
1583 1583 1638 1619 os„

44 1633 206 1672 tensurus
233 1647 386 1678 nervos,
427 1643 550 1672 cutem
575 1635 778 1673 vetularum
806 1634 1021 1673 auferebam.
1060 1635 1105 1673 Et
1131 1643 1228 1673 tanta
1258 1637 1307 1673 est
1326 1637 1434 1685 hujus
1456 1640 1635 1680 cellulosae

44 1694 121 1732 relae
148 1706 248 1732 nunc
281 1697 333 1732 vis
367 1695 606 1738 contram-ix,
639 1702 680 1732 ut
720 1697 758 1732 in
787 1694 985 1732 abdomine
1008 1706 1079 1744 pro
1112 1695 1262 1733 tendine
1291 1699 1473 1736 eminente
1498 1699 1635 1739 habuea

40 1755 135 1800 rim,⁹
174 1766 253 1803 quae
280 1761 353 1792 erat
380 1755 475 1792 linea
498 1754 601 1796 alba,
638 1755 675 1792 ἃ
709 1762 862 1803 utraque
887 1754 982 1791 linea
1014 1754 1237 1792 semilunaris
1254 1783 1264 1798 ,
1300 1758 1480 1796 contracta
1497 1788 1506 1802 ‚
1545 1759 1633 1799 hinc

41 1812 86 1850 de
109 1819 191 1851 cute
214 1815 375 1852 eminens
395 1826 401 1850 :
430 1821 468 1852 ut
490 1814 680 1863 aliquoties
695 1842 704 1857 ‚
726 1826 810 1851 cum
831 1812 970 1850 femora
993 1814 1174 1851 contracta
1195 1814 1325 1858 essent,
1349 1829 1426 1854 non
1446 1818 1511 1856 alia
1530 1820 1631 1859 causa

40 1880 181 1920 reperta
201 1873 244 1911 fit
270 1873 512 1911 adtrac‘korum
532 1881 698 1916 artuum,
730 1880 856 1922 praeter
878 1872 1035 1921 rigidam
1060 1873 1268 1911 cellulosam
1291 1876 1418 1919 telam,
1446 1889 1525 1927 quae
1552 1880 1631 1917 bre„

40 1933 118 1970 vius
140 1933 257 1972 femur
281 1940 408 1972 contra
428 1940 600 1972 truncum
622 1935 787 1983 corporis
808 1933 1013 1984 replicabat.
1049 1932 1329 1985 Cartilagineam
1351 1936 1628 1976 ceflulofitatem

1533 1998 1623 2038 vidit

78 2147 95 2184 (
131 2149 144 2181 Ἰ
167 2147 231 2185 Jarn
256 2149 312 2180 fuit
335 2149 500 2182 enum
521 2150 611 2189 form.
629 2150 681 2191 set.
717 2164 742 2191 p.
759 2161 826 2183 πω.

78 2190 93 2224 (
133 2192 144 2225 )
167 2189 222 2228 Effi
245 2201 281 2219 οη
306 2194 419 2221 animal
440 2202 585 2231 oecononty.
602 2203 633 2232 p.
651 2203 713 2232 319.
738 2195 804 2225 vide
829 2203 856 2233 p.
877 2201 935 2234 30,
961 2202 1009 2233 31-

78 2231 93 2265 (
133 2232 147 2267 )
171 2231 251 2262 Rou.
277 2242 303 2268 p.
323 2241 386 2267 320.

78 2273 92 2305 (
130 2273 143 2309 )
171 2273 196 2302 L.
220 2271 289 2302 XVI
324 2283 352 2304 rt.
373 2282 438 2311 zr9.

78 2314 94 2350 ζ,
132 2325 146 2349 J
170 2313 252 2345 Conf.
278 2314 350 2347 Phil,
375 2313 481 2355 Trans?
498 2325 528 2348 n.
552 2325 621 2355 ⁴92·
652 2326 679 2357 p,
700 2325 762 2357 ης,

1040 2360 1124 2409 (i)
1187 2371 1206 2405 Ξ
