1955 2732
238 134 309 159 m
671 88 1340 163 pffffirATro.

345 225 389 265 Id
416 225 570 276 superest
588 255 598 270 ‚
631 233 672 265 ut
698 238 784 265 cum
809 227 852 265 iis
880 226 933 265 Cl.
959 225 1057 265 Viris
1081 240 1140 267 me
1164 230 1359 268 concillem
1377 258 1388 273 ‚
1422 231 1487 280 qui
1519 231 1555 269 &
1582 232 1680 281 prius
1708 261 1718 275 ‚
1752 233 1789 270 δε

237 319 378 358 nuper,
411 309 670 357 experimentis
696 310 735 345 in
758 310 849 346 vivis
872 308 1084 348 animalibus
1101 339 1111 353 ,
1143 311 1331 350 nonnullis
1359 312 1466 349 etiam
1489 312 1690 351 inhomine
1707 326 1791 364 cap-

238 391 283 427 tis
302 417 312 432 ,
342 388 460 426 seusus
487 389 690 428 testimonia
710 391 749 427 in
768 390 977 429 tendinibus
992 419 1002 434 ,
1035 391 1072 428 in
1092 391 1180 431 dura
1209 394 1418 431 membrana
1443 395 1606 438 cerebri,
1639 395 1677 432 in
1701 394 1791 443 liga-

238 471 370 508 mentis
397 471 623 508 invenerunt.

350 581 517 620 Primum
536 610 545 625 ‚
574 581 677 631 quod
710 583 804 619 tueri
827 590 1001 632 oportet,
1036 583 1124 622 fides
1157 585 1206 622 est
1239 587 1577 634 experimentorum
1609 599 1788 626 meorum.

239 663 310 702 Sed
332 663 369 700 id
394 663 566 712 quidem,
592 662 615 699 fi
641 662 754 700 solam
777 664 910 701 famam
931 677 1050 703 meam
1075 667 1216 714 tangit,
1251 666 1499 705 difficultatem
1520 667 1655 705 nullam
1672 669 1789 706 habet.

240 744 326 783 Mea
354 746 453 782 enim
479 745 727 793 experimenta
753 746 901 794 publice
931 748 1077 789 onmia,
1100 747 1215 785 multa
1239 749 1276 785 in
1297 748 1491 797 conspet'tu
1515 747 1692 787 Virorum
1709 763 1793 789 ana-

239 833 358 863 tomes
387 824 679 875 gnarissimorum
704 826 791 864 faeta
813 826 919 870 sunt,
954 829 993 865 in
1016 840 1109 878 quos
1139 841 1217 866 nou
1244 829 1346 867 facile
1374 829 1447 867 falli
1473 830 1639 875 caderet,
1671 831 1792 870 fallere

240 919 438 956 nunquam.
499 905 557 944 Est
577 908 685 944 etiam
706 920 800 957 pene
816 908 1015 958 superfluus
1039 919 1207 948 meorum
1234 913 1572 960 expen'meutorum
1595 925 1789 958 numerus,

240 989 473 1037 multumque
498 1001 538 1026 ea
564 988 730 1038 superat,
764 1002 843 1038 quae
869 1002 887 1027 a
916 992 1040 1039 primis
1067 991 1132 1028 illis:
1162 994 1300 1030 inventi
1327 994 1498 1031 circuitus
1526 994 1706 1042 sanguinis
1732 1007 1794 1033 au-

240 1071 399 1108 &oribus
424 1069 512 1106 fac‘la
533 1069 615 1107 sunt
634 1097 644 1113 ,
679 1071 716 1107 &
740 1083 900 1119 quorum
926 1080 1048 1110 tamen
1073 1081 1171 1111 tanta
1195 1074 1264 1112 fuit
1287 1058 1501 1117 auctoritas,
1533 1081 1574 1112 ut
1597 1082 1714 1113 totam
1737 1081 1796 1114 tot

240 1151 446 1190 seculorum
471 1151 650 1188 theoriam
673 1159 859 1189 everteret.

354 1261 502 1301 Deinde
523 1263 561 1299 in
579 1263 741 1300 universa
761 1262 906 1313 Europa
925 1263 1081 1312 plurima
1100 1265 1349 1314 experimenta
1368 1266 1406 1302 in
1433 1265 1605 1304 eumdem
1624 1266 1763 1306 sensum
1780 1297 1791 1312 ,

243 1346 279 1383 δε
304 1344 436 1382 eodem
460 1351 593 1381 eventu
612 1343 693 1382 sunt
715 1352 826 1394 capta.
889 1344 1013 1391 Quare
1038 1358 1107 1395 pro
1139 1347 1243 1384 omni
1273 1346 1491 1385 refutatione
1521 1359 1650 1386 eorum
1670 1377 1680 1392 ,
1713 1361 1793 1399 quae

242 1434 305 1465 aut
326 1437 443 1475 nuper
464 1433 591 1462 contra
616 1437 676 1462 me
690 1454 700 1468 ‚
733 1425 825 1463 adeo
848 1427 998 1470 acerbe,
1031 1427 1171 1476 prolata
1194 1427 1276 1466 sunt
1291 1457 1302 1472 ,
1333 1428 1439 1467 liceat
1458 1428 1531 1467 hoc
1550 1428 1636 1467 loco
1659 1431 1794 1469 catalo-

244 1521 334 1558 gum
357 1507 694 1555 experimentorum
715 1514 880 1557 repetere
897 1535 908 1551 ,
941 1520 1021 1558 quae
1045 1509 1127 1547 sunt
1147 1510 1186 1546 in
1199 1510 1241 1547 iis
1264 1510 1424 1559 partibus
1441 1510 1550 1554 fercla,
1569 1509 1614 1549 de
1630 1523 1791 1562 quorum

245 1589 344 1628 sensu
371 1588 543 1637 litigatur.

734 1700 771 1738 T
769 1702 907 1740 endines
934 1701 1084 1740 humani
1118 1701 1294 1752 ilffenstles.

361 1791 415 1830 Cl.
449 1789 476 1833 F
489 1802 511 1828 A
526 1803 549 1828 R
561 1803 574 1827 1
589 1802 612 1828 o
625 1803 652 1828 N
673 1803 802 1836 unum,
821 1793 1018 1841 repetitum
1035 1791 1098 1838 m).

363 1872 445 1910 Mea
465 1879 622 1924 quatuor
639 1872 688 1918 n).
716 1854 717 1857 Ἰ

362 1953 416 1993 CL
446 1953 561 1991 Mun
575 1966 777 1992 LEMANN
806 1953 920 1993 multa
936 1951 990 2005 o).

361 2035 415 2074 CL
442 2035 765 2074 HEUERMANN
786 2048 902 2076 unum
918 2033 976 2087 p).

362 2117 417 2155 Cl.
440 2117 802 2156 Z1MMERMANN
828 2130 944 2158 unum
963 2119 1011 2166 q).

1625 2170 1795 2220 Caefirrens

290 2238 334 2272 m)
353 2236 450 2276 Opusc.
466 2239 536 2266 min.
553 2245 581 2273 p.
597 2245 662 2273 339.
683 2246 710 2266 n.
726 2245 772 2274 Π.

289 2279 325 2311 n)
346 2277 450 2315 ¹b1lr³
479 2283 543 2313 338
565 2286 627 2313 339
648 2283 859 2313 11323334
882 2285 927 2311 ες

291 2320 322 2349 ο)
343 2319 436 2348 Mera
448 2316 504 2356 fin·
520 2318 555 2347 les
568 2319 675 2354 parties
687 2320 725 2346 ir·
726 2319 765 2346 ’.ἱΐ
784 2316 967 2355 {JJbrnsthln
985 2316 1054 2347 edit.
1071 2315 1207 2348 Laufann.
1228 2318 1313 2354 1760.
1330 2324 1358 2354 p.
1375 2324 1400 2354 7.
1419 2323 1463 2346 10.

288 2358 323 2394 p]
347 2357 415 2395 Exp
434 2369 459 2394 9.
478 2358 554 2387 conf.
572 2366 615 2394 ¹3·
632 2363 676 2394 14
696 2356 783 2394 ejusd.
804 2355 820 2384 l

292 2400 325 2435 9)
347 2397 418 2436 Exp.
434 2402 478 2436 3⁶-
492 2397 532 2429 ib
