1955 2732
437 110 598 152 SECT.
632 108 705 151 III.
763 108 1199 154 SECUNDJE.
1522 118 1600 156 243

160 223 254 262 Etim
278 221 443 261 laborem
468 222 602 272 pariter
632 221 671 258 in
691 232 798 258 vacca
822 220 961 268 repetii.

163 304 323 342 Uterinae
343 303 554 352 placent-ulae
572 302 690 340 boleti
706 301 939 339 similitudine
959 309 1075 339 ovatae
1092 329 1102 343 ,
1136 300 1326 338 circulares
1338 328 1346 343 ,
1374 299 1489 350 plenae
1508 306 1609 338 erant

51 360 200 399 vasculis
230 360 404 398 arteriofis
427 361 463 397 δε
490 357 629 397 venofis
649 387 659 401 ,
687 360 795 396 etiam
817 359 855 395 in
879 358 995 402 facie,
1030 369 1109 407 quae.
1129 369 1244 394 ovum
1268 356 1489 406 respiciebat.

166 441 381 479 Placentulae
406 442 468 478 ovi
496 440 630 478 fiebant
655 439 862 489 cylindricis
885 438 982 488 quafi
1009 438 1102 476 villis
1120 467 1128 480 ‚
1161 438 1219 475 sed
1247 438 1468 487 grandibus,
1502 438 1538 475 δε
1557 450 1611 476 ra·

53 497 162 535 mosis
191 526 201 540 ‚
245 509 403 546 quorum
440 496 599 545 singulus
636 496 677 533 fit
712 496 1037 533 innumerabilibus
1082 494 1246 532 flocculis
1292 495 1500 544 cylindricis
1522 523 1531 537 ‚
1575 496 1613 531 in

55 566 295 592 comi-aunem
318 560 491 591 truncum
516 553 717 601 conjunctis
733 581 742 595 ,
774 553 840 602 qui
860 564 1009 589 manum
1029 563 1075 588 ex
1091 552 1206 588 foveis
1227 550 1388 599 fungofis
1423 551 1614 589 boletifor-

54 612 124 646 mis
148 609 240 647 illius
263 617 431 648 maternae
452 609 684 660 cotyledonis
706 610 885 658 patienter
900 607 1151 646 extrahentem
1168 608 1431 657 sequebantur:
1457 609 1494 645 δε
1515 614 1615 645 erant

55 665 241 714 ejusmodi.

170 746 237 785 Per
263 746 421 785 chorion
447 746 560 785 multa
586 745 663 784 vasa
685 745 879 794 sanguinea
902 749 937 783 in
960 746 1202 796 ›cotyledones
1232 745 1398 783 tendunt.
1432 744 1487 781 Ab
1511 745 1552 781 iis
1573 743 1617 780 ad

56 803 238 852 singulum
264 803 391 841 villum
418 804 506 841 dant
532 802 747 841 auriculum
771 802 985 841 arteeiosum
1002 832 1015 846 2
1049 804 1085 840 ὃς
1111 802 1289 841 venosum
1305 831 1314 845 ,
1353 803 1455 849 cujus
1485 800 1619 838 surculi

56 861 185 898 villum
210 861 248 896 in
268 859 418 897 ultimos
448 859 560 909 usque
583 859 810 897 ramulorum
829 858 916 897 fines
944 858 1230 909 persequuntur,
1262 860 1298 896 δι
1318 857 1462 906 singulo
1481 857 1619 895 floccu-

58 917 97 955 lo
127 917 231 954 suum
258 916 344 953 dant
371 916 564 955 surculum.
624 915 744 953 Totus
770 915 862 953 adeo
884 915 989 954 villus
1011 918 1157 965 penitus
1184 915 1340 965 impulso
1362 916 1478 952 minio
1501 915 1616 951 rubet.

58 973 142 1012 Plus
171 974 219 1010 est
250 972 462 1011 venularum
480 1002 489 1016 ‚
523 984 633 1023 quam
659 974 894 1016 arteriarum,
929 973 965 1010 &
983 975 1098 1023 magis
1119 974 1226 1011 rubet
1248 971 1446 1013 flocculus,
1472 970 1619 1020 quando

61 1042 125 1080 per
158 1042 263 1066 venas
289 1029 413 1078 liquor
442 1030 591 1078 injeelus
618 1030 675 1066 est.

174 1110 218 1148 In
247 1110 364 1148 fetum
392 1110 483 1147 nihil
508 1109 668 1148 translit.
701 1121 787 1148 cum
819 1123 884 1160 per
915 1117 1070 1148 matrem
1104 1110 1229 1159 liquor
1262 1110 1500 1157 iniiceretur3
1533 1106 1622 1145 nihil

61 1170 170 1206 etiam
199 1168 237 1204 in
266 1174 441 1209 matrem,
478 1179 598 1216 neque
622 1166 822 1216 quidquam
845 1167 1009 1210 effluxit,
1044 1179 1130 1204 cum
1154 1166 1248 1204 fetus
1272 1166 1480 1215 repleretur.
1524 1164 1624 1202 Faci-

60 1224 96 1261 le
130 1235 216 1261 vero
246 1235 312 1271 per
343 1223 493 1261 ultimos
521 1222 694 1261 villorum
721 1222 885 1261 surculos
916 1223 1056 1261 humor
1081 1223 1231 1270 injectus
1253 1222 1395 1265 effluit,
1422 1230 1473 1260 >ut
1502 1229 1623 1259 tamen

62 1281 162 1328 rupti
188 1283 311 1329 potius
343 1281 534 1318 videantur
551 1308 561 1321 ‚
593 1291 703 1328 quam
729 1279 858 1328 sponte
885 1288 1017 1329 patere.
1051 1279 1168 1317 Facile
1188 1281 1214 1316 ii
1233 1278 1321 1316 fines
1342 1280 1621 1328 abrumpuntur‚

65 1338 129 1388 qui
149 1337 334 1373 tenerrimi
359 1336 426 1373 sint
447 1365 455 1378 ‚
488 1337 525 1372 &
554 1347 599 1373 ex
630 1335 823 1384 profundis
849 1336 949 1386 quali
974 1337 1069 1374 cavis
1102 1336 1238 1374 tubulis
1267 1335 1477 1374 educantur.

160 1416 343 1463 rQuando
371 1417 460 1456 nihil
493 1424 673 1455 mutatum
700 1418 750 1455 est
773 1445 784 1461 ,
823 1417 955 1456 lacteus
985 1417 1121 1455 humor
1151 1417 1322 1455 extrarias
1350 1416 1550 1459 radiculas,
1579 1415 1628 1453 ad

64 1475 182 1513 fetum
200 1475 421 1524 pertinentes
438 1503 447 1516 ‚
483 1473 652 1523 sequitur.

176 1555 240 1594 In·
259 1568 329 1594 ove
350 1584 363 1600 ‚
413 1555 577 1593 detraffis
614 1557 722 1594 etiam
755 1554 828 1593 fine
861 1556 899 1594 vi
933 1554 1148 1605 placentul-is
1168 1583 1182 1598 ‚
1227 1555 1369 1605 sanguis
1401 1553 1491 1605 saepe
1529 1554 1626 1592 secu-

67 1619 127 1650 tus
155 1612 212 1650 est.
1613 1621 1617 1625 '

183 1693 226 1732 In
259 1693 432 1732 cuniculo
470 1694 632 1743 placenta
665 1693 831 1731 humanae
865 1692 984 1729 similis
1004 1720 1013 1735 ,
1055 1692 1227 1741 sanguine
1265 1691 1463 1741 pleniffima
1495 1693 1631 1736 (etiam

70 1750 218 1800 quando
244 1762 372 1798 parum
396 1751 434 1787 in
463 1750 540 1788 fetu
562 1751 702 1788 cruoris
727 1750 798 1793 est)
826 1749 1025 1787 tuberculis
1055 1748 1123 1786 suis
1150 1748 1194 1786 ad
1223 1747 1349 1786 fimilia
1377 1749 1564 1788 tubercula
1589 1762 1630 1786 u-

69 1808 138 1844 teri
158 1806 370 1845 adhaerescit.
418 1805 598 1844 Detraecis
621 1808 683 1849 iis,
709 1803 918 1855 sanguinem
947 1804 1121 1842 effluxiffe
1146 1805 1228 1842 vidi.

184 1888 226 1925 ln
250 1900 348 1930 cane,
363 1887 453 1925 dum
472 1888 640 1927 villosum
661 1888 831 1931 chorion,
851 1886 1180 1925 foraminulentum
1199 1887 1235 1923 &
1255 1886 1498 1930 reticulatum,
1517 1886 1633 1924 detra-

71 1943 203 1982 hebam
221 1973 229 1986 ‚
263 1944 388 1982 succus
419 1944 553 1982 setosus
584 1944 735 1983 defluxit
755 1973 766 1987 ,
800 1946 835 1981 &
861 1944 943 1981 alias
970 1944 1112 1992 sanguis
1133 1941 1294 1982 succeffit
1314 1944 1355 1987 t).

187 2025 257 2063 Etfi
282 2038 381 2064 nunc
418 2027 558 2075 sanguis
595 2028 633 2063 in
663 2026 849 2063 nonnullis
888 2025 1100 2063 animalibus
1135 2025 1300 2073 adparuit
1322 2052 1330 2066 ‚
1365 2036 1441 2061 non
1471 2024 1554 2062 ideo
1579 2024 1633 2061 his

76 2083 334 2130 experimentis
359 2084 561 2133 quidquam
587 2082 894 2132 superstruxerim.
939 2082 990 2119 Ex
1015 2085 1057 2119 iis
1078 2110 1087 2122 ,
1121 2092 1201 2130 quae
1223 2082 1446 2118 accuratiora
1469 2083 1508 2117 in
1528 2093 1634 2118 vacca

75 2138 167 2180 feci,
195 2138 410 2187 persuadeor
424 2168 433 2182 ‚
467 2138 622 2188 potuisse
644 2141 751 2176 rubra
773 2138 830 2176 fila
847 2167 856 2180 ,
890 2137 979 2175 dum
996 2138 1041 2175 de
1058 2140 1152 2175 uteri
1172 2136 1394 2187 cotyledone
1418 2136 1633 2177 educuntur,

71 2193 287 2242 sanguinem
312 2207 357 2232 ex
384 2198 509 2233 arteria
535 2194 696 2239 stillall'e,
730 2207 809 2245 quae
830 2197 868 2232 in
899 2207 1049 2244 quoque
1079 2193 1221 2232 ramulo
1256 2193 1330 2230 villi
1361 2192 1421 2231 sua
1463 2193 1520 2231 est.

870 2299 948 2338 Hh
980 2311 1001 2338 2
1430 2303 1460 2345 ὃ.
1500 2299 1624 2338 XXX

115 2387 143 2424 t)
166 2381 257 2419 Etiam
278 2389 445 2419 Nau-›nm‹
465 2389 553 2427 form.
574 2389 619 2423 set.
636 2400 659 2420 c.
676 2398 702 2426 7.
722 2399 749 2427 p.
770 2399 833 2425 ¹94-
