1955 2732
236 138 397 179 SECT.
430 138 481 176 II.
542 135 898 177 PRIMORDIA
941 135 1103 176 NOV'I
1143 135 1448 179 ANlMALls.
1540 147 1611 182 171

174 246 460 285 Lumbricorum
486 245 835 293 redintegrationem
855 244 974 293 eidem
996 243 1107 281 causae
1124 242 1330 280 adscribunt
1352 244 1420 280 viri
1447 241 1500 280 Cl.
1525 242 1618 281 Ger-

62 306 159 343 mina
185 304 222 347 r)
248 315 381 352 nempe
409 302 454 339 ad
480 302 704 352 polyporum
731 301 935 349 analogiam
961 309 1133 350 ponunt,
1167 300 1203 337 &
1233 311 1296 348 per
1322 300 1397 346 ejus
1427 311 1560 348 corpus
1580 301 1615 345 s)

63 361 206 410 disponi
231 360 456 407 conjiciunt,
490 371 569 407 quae
588 359 768 395 dormiant
790 359 827 393 in
842 358 993 395 animale
1010 359 1180 405 integro,
1211 368 1231 392 a
1251 355 1406 393 sectione
1425 367 1512 392 vero
1536 355 1616 404 plus

64 419 242 466 accipiant
266 417 428 455 alimenti
448 444 458 458 ,
491 415 528 451 δε
554 414 752 452 increscant
773 427 782 459 3
815 414 1039 463 demumque
1077 422 1117 450 nt
1144 424 1263 450 ramus
1287 414 1408 449 arbori
1433 411 1582 448 insertus
1604 440 1615 454 ‚

62 474 205 523 reliquo
225 473 407 510 lumbrico
434 478 619 520 tamquam
641 479 772 508 trunco
798 470 1005 507 inserantur.
1039 469 1106 506 Sed
1129 470 1287 505 anterius
1310 475 1419 518 caput
1443 467 1536 504 nasci
1557 468 1587 511 t)
1606 497 1614 510 ‚

63 531 240 582 posterius
268 527 419 566 caudam
448 531 488 574 n)
508 556 518 570 ,
543 527 644 576 quod
671 529 709 564 in
733 527 803 563 istis
833 527 1046 564 animalibus
1077 527 1241 574 germina
1263 524 1329 562 fint
1350 526 1548 567 anteriora,
1584 525 1620 561 Sc

63 586 263 637 posteriora
276 585 339 634 alia
351 611 361 626 ,
379 596 537 633 quornm
556 583 612 620 illa
627 590 738 632 caput
758 584 864 632 eique
880 595 1063 620 connexas
1082 588 1200 631 partes
1226 582 1423 630 restaurent
1438 610 1446 623 ‚
1465 580 1522 617 illa
1538 592 1621 618 cau-

64 644 156 681 dam.
191 641 365 679 Germina
379 641 478 678 enirn
494 653 570 678 non
588 642 699 678 totius
724 639 884 677 animalis
901 647 1021 689 parata
1038 638 1164 680 adeffe,
1177 640 1356 682 continuo
1377 636 1618 676 ostendemus

176 722 299 761 Chelis
324 734 541 760 cancrorum
558 750 568 764 ,
602 733 681 771 quae
696 723 804 758 nimis
818 720 885 758 fint
901 723 1082 769 organicae
1097 750 1106 763 ,
1135 720 1257 758 credas
1281 720 1447 767 germina
1463 718 1522 756 sua
1541 716 1619 760 effe,

64 794 108 819 eo
139 781 254 828 magis
274 807 284 822 ,
318 778 420 828 quod
443 778 572 816 melius
597 785 837 828 reparentur,
871 777 1018 827 quando
1055 779 1093 814 in
1129 775 1280 814 definito
1300 777 1345 820 x)
1376 774 1530 814 articulo
1562 774 1624 812 de·

63 839 282 886 fringuntur.

177 918 317 957 Eorum
345 917 555 965 germinum
585 916 770 954 manifesta
799 915 880 954 sunt
915 914 1083 964 exempla
1116 915 1155 952 in
1188 914 1385 956 dentibus,
1413 925 1460 950 ex
1490 913 1622 962 quibus

66 976 191 1014 dentes
213 987 282 1024 pro
304 975 346 1011 iis
365 981 574 1022 reparantur
592 1002 603 1016 ‚
637 975 701 1023 qui
726 985 772 1011 ex
802 981 937 1011 naturae
961 973 1126 1009 instituto
1156 971 1356 1009 elabuntur.

180 1056 222 1094 In
250 1057 354 1093 omni
373 1055 524 1092 homine
542 1083 552 1098 ,
585 1055 733 1104 quando
756 1056 794 1092 in
819 1055 940 1093 lucem
971 1053 1111 1095 editur,
1144 1051 1274 1098 duaey)
1294 1051 1337 1088 ad
1359 1052 1555 1087 minimum
1575 1049 1625 1087 se-

66 1115 135 1152 ries
160 1112 325 1149 dentium
351 1112 478 1160 praesto
501 1111 582 1149 sunt
601 1139 610 1153 ,
644 1111 808 1149 involuta
834 1119 988 1159 utraque
1005 1138 1014 1151 ‚
1049 1111 1085 1145 δε
1115 1121 1134 1145 a
1161 1115 1267 1157 partu
1285 1109 1435 1145 demum
1450 1106 1514 1144 suo
1533 1114 1626 1143 tem-

66 1182 158 1220 pore
189 1169 223 1206 se
251 1169 394 1206 elatura.
455 1167 560 1205 Prior
585 1168 777 1216 perfeilior
797 1196 806 1210 ‚
849 1167 958 1204 altera
987 1166 1103 1203 subest
1131 1164 1403 1213 imperfediior,
1438 1175 1517 1212 quae
1552 1164 1627 1211 pri-

66 1239 148 1265 mos
187 1225 312 1262 dentes
350 1224 420 1261 suis
455 1225 557 1260 annis
592 1223 723 1261 deterit
763 1225 799 1260 &
835 1224 937 1270 cogit
967 1222 1094 1259 delabi.
1159 1220 1276 1258 Etiam
1316 1221 1421 1256 tertia
1453 1218 1495 1262 z)
1532 1230 1627 1256 non-

68 1294 257 1332 nunquam
277 1281 483 1319 rudimenta
511 1279 638 1317 adsunt
654 1308 663 1322 ,
697 1280 732 1316 &
765 1281 802 1316 in
831 1278 1017 1316 nonnullis
1044 1277 1258 1316 animalibus
1285 1288 1416 1324 magna
1438 1276 1487 1312 est
1520 1276 1630 1312 uber-⁸

70 1347 122 1378 tas
147 1339 313 1376 dentium
331 1365 341 1380 ,
375 1338 439 1386 qui
465 1335 613 1386 delapsis
637 1335 770 1385 poffint
796 1335 1009 1377 succedere,
1043 1336 1081 1372 in
1105 1337 1227 1383 vipera
1249 1335 1314 1379 a),
1346 1331 1538 1370 crocodilo
1565 1330 1624 1375 b),

68 1397 174 1434 lamia
189 1394 283 1444 pisce
297 1396 345 1440 c).
389 1393 538 1432 Cornua
552 1393 787 1431 renascuntur
810 1405 828 1430 a
847 1399 929 1429 cute
953 1393 988 1428 &
1010 1404 1029 1428 a
1048 1391 1229 1441 periosteo
1245 1389 1284 1433 d)
1306 1418 1316 1432 ‚
1350 1401 1430 1439 quae
1455 1395 1628 1425 truncum

71 1452 297 1502 operiebant,
316 1449 506 1499 productis
529 1451 741 1499 primumin
753 1449 917 1490 mollem,
934 1447 1160 1497 pilosamque
1184 1445 1329 1483 massam
1346 1458 1353 1482 :
1385 1457 1470 1483 cum
1487 1442 1628 1492 magnis

69 1508 155 1547 vasis
172 1507 206 1551 e)
231 1509 323 1544 intra
348 1512 472 1544 cutem
497 1507 702 1555 conspicuis
718 1534 728 1548 ,
760 1507 796 1542 Sc
820 1505 976 1554 gelatina
993 1532 1002 1547 ,
1036 1516 1115 1553 quae
1143 1515 1229 1541 cum
1259 1502 1440 1551 periosteo
1479 1500 1524 1538 de
1555 1499 1628 1538 offe

70 1565 213 1615 prodit,
238 1575 318 1613 quae
349 1564 496 1605 omnia,
528 1570 570 1600 ut
598 1564 636 1600 in
660 1562 832 1612 exemplo
860 1561 941 1600 calli
956 1557 1205 1611 fracturamf)
1226 1558 1469 1601 resarcientis,
1503 1558 1540 1594 in
1559 1569 1629 1594 no-

71 1633 161 1660 vum
189 1632 231 1658 os
261 1618 518 1658 convalescunt
535 1619 591 1667 g).
1585 1629 1589 1633 ·

897 1672 931 1712 Y
964 1683 985 1711 2
1481 1668 1629 1715 Novam

112 1738 142 1776 r)
163 1737 309 1768 Bonum.
324 1745 403 1775 corps
416 1735 537 1775 organis
549 1738 572 1767 I.
589 1745 617 1774 p.
634 1744 678 1774 33.

113 1780 139 1815 ς)
163 1779 205 1808 Ad
233 1787 375 1815 quemque
396 1777 514 1808 anulum
545 1779 655 1808 Lettres
677 1776 747 1806 d’un
772 1774 953 1806 American.
976 1773 1011 1804 T.
1029 1772 1104 1804 VIII.
1125 1782 1144 1811 p
1171 1781 1236 1810 249.

114 1820 141 1856 t)
163 1818 311 1848 Boxum.
327 1817 395 1847 ibid.

114 1861 148 1896 u)
170 1857 396 1896 los›111.p.29.

113 1902 147 1933 x)
169 1909 197 1937 p.
217 1903 280 1929 160.

108 1944 144 1978 y)
167 1940 242 1970 Utin.
260 1940 408 1970 Hammo.
428 1937 519 1974 (teste
535 1938 570 1968 D.
589 1937 729 1968 Torvizn.
748 1947 775 1974 p.
794 1937 835 1973 3.)
858 1935 1040 1965 Duvafflv
1060 1933 1138 1970 apud
1158 1933 1290 1962 Hastov.
1316 1934 1350 1962 de
1364 1933 1498 1962 dentibus
1513 1942 1541 1970 p.
1556 1937 1630 1971 8·.9·

74 1980 212 2012 Burin.
228 1979 385 2019 qsteongl.
400 1990 428 2018 p.
445 1989 509 2017 30¹-
526 1978 575 2008 etsi
591 1989 649 2007 non
663 1978 793 2007 omnium
807 1977 939 2006 dentium
953 1974 1095 2005 folliculos
1110 1973 1255 2003 distinctos
1269 1971 1324 2002 effe
1339 1981 1433 2002 certus
1445 1972 1493 2005 est.
1516 1974 1630 2003 Arum.

74 2021 107 2051 L.
118 2021 152 2051 IL
165 2029 216 2051 ω.
241 2021 349 2057 ,ΙΛΝΚΕ
363 2019 397 2050 11.
411 2030 439 2058 p.
458 2029 500 2058 17.
525 2019 558 2049 ln
571 2018 724 2057 elephante
738 2019 810 2048 Phil.
831 2015 937 2055 Trans:
952 2026 978 2045 n.
996 2019 1059 2051 326.
1076 2013 1425 2053 ConrlL.XXX.p.20.21
1588 2046 1591 2048 ,

116 2062 148 2098 z)
171 2063 313 2091 Pnasoxs
330 2072 422 2098 gener.
446 2070 472 2098 p.
493 2066 556 2094 188.
577 2069 639 2094 ¹92·
672 2059 1021 2094 HEBENSTREIT.pr0gr.
1040 2056 1075 2085 ad
1094 2055 1205 2085 HAHN.
1221 2063 1252 2092 p.
1269 2053 1314 2084 Vi.
1349 2053 1408 2083 Ter
1424 2062 1632 2091 nonnunquam

76 2103 209 2133 renovari
230 2102 330 2130 dentes
361 2101 468 2131 Pura.
488 2111 514 2138 p.
533 2110 577 2136 34.
604 2100 707 2129 Penus.

117 2144 149 2179 a)
171 2142 304 2172 Cunus
322 2147 342 2172 t.
364 2151 428 2172 iit.
454 2140 622 2177 Fquma’s
637 2140 663 2169 T
687 2149 712 2169 2.
739 2138 894 2169 Celerrime
909 2137 976 2167 hinc
999 2143 1166 2175 reparantur
1183 2132 1272 2165 amiffi
1292 2132 1471 2164 Hominum
1492 2133 1569 2172 apud
1585 2133 1636 2164 Sr-

79 2192 231 2214 vmumm
249 2191 275 2219 p.
294 2187 368 2216 2;8.·
385 2181 458 2212 Phil.
478 2180 584 2221 Trans]
603 2191 632 2210 n.
647 2183 716 2217 456.

116 2224 149 2259 b)
174 2222 342 2253 Ρευιιιιῑέ
368 2221 402 2251 Τ.
426 2231 451 2252 2.

118 2266 146 2301 c)
173 2263 203 2293 L,
220 2262 319 2294 XXX.
340 2271 367 2299 p.
387 2271 434 2293 22.

119 2307 153 2341 d)
176 2304 272 2334 Panis
299 2303 328 2331 in
354 2304 388 2332 ic.
411 2303 487 2332 cervi
508 2302 596 2332 Sardi.

120 2344 208 2379 e)-Ea
228 2343 319 2374 sulcos
344 2341 393 2372 ossi
415 2343 575 2373 renascenti
598 2341 776 2379 imprimunt.
803 2340 909 2370 Pam.

116 2384 155 2424 f)
181 2386 277 2415 Form.
296 2386 342 2414 des
360 2394 396 2413 or.
423 2385 517 2414 Mem.
533 2385 558 2413 1.

119 2426 152 2464 g)
174 2425 311 2455 Bouron.
339 2424 374 2455 T.
392 2424 435 2455 vl.
454 2434 483 2462 p,
502 2433 567 2462 107.
587 2428 652 2458 108.
688 2423 872 2453 Pramum.
895 2418 981 2461 qffszys
1002 2422 1036 2450 de
1056 2418 1134 2459 phys
1156 2417 1193 2451 T.
1209 2417 1258 2448 111.
1274 2426 1302 2456 Ρ.
1319 2422 1383 2453 ¹28·
1399 2422 1418 2447 t.
1430 2420 1455 2447 6.
1471 2416 1530 2447 fsz.
