1955 2732
311 144 387 181 592
798 132 891 171 Lm.
916 131 1062 170 XXIX.
1125 131 1150 170 f
1182 131 1210 172 E
1242 132 1272 170 T
1305 132 1339 171 U
1370 132 1401 171 S.

419 241 571 288 Quare,
603 240 628 277 si
648 242 855 290 sanguinem
878 251 993 289 ponar
1011 252 1029 275 a
1056 238 1197 277 sinistris
1221 241 1258 276 in
1278 239 1456 277 valvulam
1481 239 1547 277 nitl
1567 267 1576 282 ,
1607 252 1691 279 eum
1716 241 1865 291 quidem

309 305 413 338 tant-o
438 298 553 346 magis
577 296 640 335 fibi
664 299 759 335 viam
781 296 846 346 ipsi
866 295 1032 333 claudere
1050 324 1058 337 ,
1093 308 1168 344 quo
1193 298 1319 333 nititur
1343 296 1501 334 validius.
1534 295 1747 346 Supremam
1769 299 1866 335 enim

310 355 462 394 valvulae
486 361 626 404 partem
651 355 767 403 premi
791 359 919 391 contra
946 363 1071 389 arcum
1093 352 1303 402 supremum
1323 352 1421 390 anuli
1446 353 1558 390 ovalis
1572 365 1582 398 3
1615 355 1688 400 ejus
1713 362 1862 402 partem,

313 426 384 463 qua
408 412 453 450 ad
479 411 588 448 latera
611 410 736 448 fossam
766 410 908 458 superat
929 436 938 451 ‚
971 408 1127 457 adprimi
1149 408 1193 446 ad
1221 409 1409 447 columnas
1435 409 1596 456 ejusdem
1624 410 1730 447 anuli.
1777 409 1866 447 Ubi·

314 482 385 520 que
412 480 502 516 ergo
529 466 709 504 valvulam
736 466 780 503 ad
801 464 1019 503 resistentem
1042 467 1097 511 m)
1113 493 1122 508 ,
1156 466 1192 503 ἃ
1219 465 1464 503 musculosum
1481 466 1657 514 parietem
1675 467 1807 514 urgeri.

427 548 526 586 Cum
547 547 678 585 fabrica
705 548 741 584 ἂι
763 547 904 585 theorIa
926 548 1220 596 experimentum
1241 547 1452 585 consentire.
1515 545 1684 585 Omnino
1701 559 1720 584 a
1737 545 1867 584 dextro

309 601 423 645 latere
450 603 645 652 impulsum
673 604 792 642 aere'm
821 603 992 641 facillime
1018 605 1055 640 in
1079 602 1258 640 sinistrum
1280 603 1398 641 finum
1421 612 1607 651 penetrare
1624 602 1685 646 n),
1718 610 1759 640 ut
1778 603 1867 652 saepe

315 664 424 700 etiam
447 660 551 705 vidi3
583 672 703 697 aerem
722 673 810 698 vero
833 661 872 697 in
889 659 1061 697 sinistram
1086 671 1211 697 aurem
1239 658 1384 697 miffum
1413 658 1477 696 fibi
1507 660 1602 696 viam
1625 659 1866 707 praecludere,

314 717 567 766 valvulamque
592 717 764 754 foramini
790 716 975 754 obducere
994 718 1030 759 ο)
1049 729 1058 762 ;
1077 717 1129 753 ⁴&
1155 715 1244 765 saepe
1274 717 1311 753 in
1340 728 1384 753 eo
1420 715 1510 753 statu
1536 714 1716 752 valvulam
1744 715 1865 764 aliquo

314 782 483 824 tempore
512 785 682 816 manere,
721 783 924 811 convexam
952 772 1188 810 sinistrorsum
1211 800 1221 815 ,
1255 772 1298 810 ad
1329 772 1455 810 dextra
1482 783 1635 816 cavam3
1673 770 1868 820 aliquando

317 832 425 869 etiam
464 830 660 880 repetitum
681 858 691 872 ‚
732 831 771 866 in
806 829 938 868 eodem
971 840 1127 878 corpore
1153 857 1163 872 ,
1209 830 1503 878 experimentum
1536 828 1630 864 reete
1666 827 1865 864 succedere.

317 886 434 932 Quod
451 885 540 934 saepe
558 885 655 922 vidi:
686 892 728 922 ut
751 893 871 923 tamen
896 897 972 922 non
991 892 1159 934 oporteat
1176 884 1355 922 adfirmari
1376 913 1386 927 ,
1419 896 1608 933 nunquam
1631 897 1649 920 a
1672 883 1814 920 finistris
1832 884 1869 920 iu

317 943 442 980 dextra
460 941 656 990 impulsum
678 941 802 979 flatum
817 944 911 979 viam
933 939 1103 978 invenisse
1118 969 1127 983 ,
1160 940 1218 978 sed
1236 942 1362 978 rariori
1381 948 1513 978 eventu
1535 941 1655 981 tribui,
1680 952 1790 988 quem
1807 938 1862 977 Cl.

316 999 439 1037 Many
466 998 570 1034 nimii
593 997 740 1035 fecerit:
774 1010 852 1047 quae
875 999 972 1034 enim
999 997 1107 1039 vidit,
1128 1009 1167 1034 ea
1189 997 1301 1034 ovalis
1327 997 1465 1034 valvula.
1488 1009 1573 1033 cum
1596 997 1766 1033 omnibus
1797 995 1869 1032 val-

319 1056 409 1093 vulis
432 1056 644 1092 communia
672 1054 786 1090 habet.
850 1053 893 1091 In
915 1061 1064 1091 exemto
1096 1055 1194 1090 enim
1225 1054 1269 1090 de
1296 1065 1453 1102 corpore
1482 1052 1612 1090 viscere
1629 1080 1638 1094 ,
1670 1052 1759 1088 laxis
1789 1064 1870 1089 om-

317 1113 422 1149 nibus
440 1139 449 1153 ‚
483 1122 599 1159 neque
620 1109 859 1147 resistentibus
877 1139 886 1153 ,
920 1110 1110 1148 contractis
1136 1111 1244 1147 etium
1267 1138 1276 1152 ‚
1310 1122 1389 1158 quae
1414 1109 1563 1145 liberam
1586 1121 1687 1145 oram
1711 1108 1867 1151 habent,

317 1168 362 1205 ad
400 1168 583 1214 originem
615 1167 826 1203 inferiorem
847 1169 916 1214 p),
951 1178 1031 1215 quae
1064 1165 1205 1203 firmior
1231 1166 1280 1203 est
1299 1195 1308 1208 ‚
1342 1165 1529 1214 patescunt
1563 1166 1690 1202 itinera
1710 1193 1719 1207 ‚
1752 1176 1871 1214 neque

318 1224 450 1271 objecti
473 1224 595 1262 obices
611 1251 620 1266 ‚
653 1225 717 1272 qui
740 1222 889 1260 valvulae
910 1221 1073 1260 officium
1093 1222 1358 1259 confirmabant
1376 1250 1385 1265 ‚
1418 1221 1568 1271 perinde
1596 1220 1766 1258 refistunt.

430 1303 690 1342 Ventriculum
723 1304 894 1342 dextrum
923 1311 1110 1353 pergunt,
1143 1305 1180 1340 in
1205 1303 1281 1340 fetu
1303 1311 1429 1342 tenero
1454 1302 1559 1340 finisti
1557 1315 1590 1339 -ο
1615 1303 1723 1339 etiam
1752 1302 1872 1339 mino-

319 1373 396 1398 rem
416 1359 484 1398 effe
500 1359 567 1407 q),
602 1362 638 1397 in
660 1368 804 1398 maturo
830 1360 1071 1410 aequalemrss)
1101 1360 1137 1396 &
1161 1359 1320 1408 ejusdem
1346 1360 1489 1396 roboris
1483 1362 1547 1418 s).
1609 1357 1689 1406 Ego
1710 1359 1818 1394 etiam
1834 1359 1873 1395 in

319 1429 437 1465 nuper
457 1418 549 1453 natis
572 1417 769 1454 infantibus
795 1417 946 1465 aequales
975 1417 1070 1458 vidi,
1094 1416 1167 1453 vidi
1190 1416 1307 1453 dextri
1332 1416 1445 1452 robur
1469 1400 1579 1463 paulo
1602 1416 1747 1460 minus;
1766 1415 1873 1451 etiam

319 1485 419 1510 aures
436 1471 588 1521 aequales
606 1471 673 1509 effe
690 1472 721 1515 t)
743 1473 847 1509 testes
864 1472 965 1515 sunt,
986 1480 1027 1511 ut
1051 1471 1221 1509 sinistram
1240 1484 1315 1508 non
1334 1480 1435 1508 tanto
1463 1473 1646 1508 minorem
1670 1469 1737 1507 effe
1754 1477 1869 1519 putes.

433 1552 499 1590 His
525 1553 599 1590 fere
626 1554 826 1590 rationibus
846 1580 855 1595 ,
891 1554 1039 1603 aliisque
1057 1582 1066 1596 ,
1100 1566 1263 1603 quaesme
1286 1553 1379 1589 forte
1406 1552 1580 1600 fugerunt
1598 1580 1606 1594 ,
1640 1551 1772 1588 saelum
1795 1550 1845 1588 est
1860 1579 1870 1594 ‚

320 1616 362 1648 ut
390 1616 468 1646 tota
498 1621 633 1657 nupera
662 1608 782 1646 schola
811 1617 937 1647 contra
960 1609 1145 1647 vaum
1178 1609 1346 1650 senserit,
1381 1609 1416 1644 δε
1437 1609 1547 1657 aliqui
1574 1607 1627 1646 Cl.
1658 1609 1724 1644 viri
1750 1609 1869 1650 etiam,

322 1665 469 1719 quando
499 1672 643 1714 tempus
676 1665 777 1702 litem
804 1667 842 1702 in
873 1666 988 1703 Gallia
1016 1666 1221 1710 sedaverat,
1256 1671 1384 1703 contra
1407 1677 1541 1703 novam
1562 1662 1779 1714 hypothesin
1797 1675 1873 1701 ma-

323 1724 386 1771 gni
407 1723 588 1759 momenti
607 1723 765 1760 rationes
789 1722 1009 1795 protulerint
1026 1721 1078 1766 v).
1725 1751 1757 1792 ἓ
1779 1747 1869 1790 LII

362 1839 406 1875 m)
420 1838 571 1868 Bassum
586 1841 683 1868 Lettre
705 1848 731 1876 p.
749 1848 793 1875 31.
820 1839 906 1869 etiam
930 1839 1040 1870 Hussrss
1055 1848 1082 1868 n.
1099 1846 1142 1867 12.
1158 1839 1185 1868 δι
1201 1837 1397 1870 Romamn-
1412 1836 1524 1877 re'ponje
1539 1847 1567 1876 p
1587 1843 1633 1872 83.
1677 1837 1710 1868 In
1730 1838 1824 1878 ηψπ-ιι
1841 1838 1874 1867 de

326 1880 440 1908 ιαίτιιίιι
453 1878 512 1908 Ets
501 1888 616 1907 ΓΑεΗ
631 1876 694 1917 diss?
705 1888 731 1916 p
746 1888 792 1916 43

364 1921 398 1955 n)
421 1919 611 1949 viminum.
626 1922 723 1948 Ieme
742 1929 768 1956 p.
797 1928 840 1956 32.
877 1919 1018 1949 Tauvav
1041 1928 1069 1956 p.
1097 1928 1159 1954 190.
1200 1918 1381 1948 DuvssR-mzir
1407 1919 1501 1949 Mem.
1516 1919 1550 1947 de
1570 1926 1652 1953 1725.
1685 1917 1870 1948 errmun.

324 1968 350 1996 p.
370 1960 613 2029 37531-(Ijixisorzm.
633 1961 667 1989 de
684 1959 808 1998 transitu
822 1958 977 1999 fitnguinz's
997 1968 1048 1997 per
1063 1958 1198 1997 foramen
1218 1960 1303 1988 avale.
1336 1959 1454 1988 Serme.
1474 1960 1515 1988 du
1534 1967 1647 1995 coeurp.
1663 1967 1728 1996 377.
1752 1959 1874 1988 Henna—

325 2009 408 2077 “23
418 2040 485 2070 Non
506 2009 644 2070 ugustis?
646 2050 661 2071 a
681 2040 792 2071 sinistris
813 2041 849 2071 ad
871 2041 992 2076 dextra,
1015 2041 1046 2070 in
1060 2039 1191 2076 infante,
1214 2040 1261 2070 cui
1279 2039 1408 2069 foramen
1429 2038 1511 2068 ovale
1529 2037 1666 2069 haetenus
1679 2045 1759 2077 patet
1774 2039 1872 2069 Mirr-Y

325 2090 395 2158 ann)
411 2090 498 2149 ΙΣἹὶἳὶἶῑ
513 2084 656 2158 Ξρῧὲόῦυ
677 2121 702 2150 Η
709 2131 772 2151 {M
766 2133 794 2150 i
812 2132 841 2160 p
868 2131 933 2158 355.
955 2122 981 2151 «Sc
1006 2122 1135 2150 circulat.
1159 2130 1187 2158 p.
1208 2131 1250 2154 ις.
1271 2119 1412 2150 valvulam
1436 2120 1582 2149 foraminis
1607 2119 1696 2150 ovalis
1716 2120 1752 2149 ad
1773 2104 1874 2148 dextra

326 2170 484 2190 convexam
501 2160 555 2190 esse
569 2160 757 2191 varmum.
774 2165 908 2200 Lettrep.
928 2171 973 2198 32
991 2163 1018 2191 δι
1036 2170 1130 2190 aerem
1145 2171 1193 2197 per
1208 2161 1335 2190 foramen
1352 2159 1434 2189 ovale
1451 2161 1570 2189 transire
1582 2170 1609 2198 p.
1626 2170 1670 2196 54.

366 2207 397 2277 3))
412 2210 537 2270 illua}
552 2243 647 2272 Mem.
665 2243 698 2271 de
715 2243 818 2271 Berlin.
832 2242 864 2271 T.
879 2242 943 2272 Xll.
959 2250 988 2280 p.
1004 2252 1048 2277 ςς.
1071 2241 1117 2271 Sic
1133 2241 1259 2271 Harxvizi
1276 2251 1303 2277 p.
1325 2246 1387 2276 ¹85-
1404 2241 1433 2270 in
1448 2249 1546 2271 tenero
1560 2241 1600 2270 fet
1603 2251 1629 2270 u.
1653 2240 1767 2270 SmGssr.
1781 2239 1872 2279 form.

323 2280 372 2318 stt·
391 2290 418 2318 p.
436 2291 480 2316 24.
508 2281 650 2313 RiomN.
667 2291 694 2320 p.
711 2291 777 2317 409.
809 2282 947 2312 Taum
966 2281 1112 2319 rissexions
1124 2291 1152 2319 p.
1171 2292 1194 2318 5.
1228 2280 1349 2310 Momm
1368 2290 1490 2320 compar.
1507 2288 1586 2311 anat.
1604 2290 1632 2318 p.
1650 2286 1696 2314 80·

366 2321 392 2355 s)
417 2321 541 2351 Maxu.
558 2321 628 2357 ibid,

367 2363 394 2397 t)
418 2361 572 2392 mmm.
592 2364 730 2392 vademec.
753 2371 780 2400 p.
798 2371 866 2400 427.

367 2402 400 2437 v)
421 2401 643 2432 Haarzorxaa
677 2406 756 2434 Suite
775 2405 821 2433 des
842 2402 1011 2442 conjefflures
1030 2401 1203 2441 plffqueffi
1239 2403 1265 2431 ἃ
1296 2402 1377 2441 Epist.
1403 2402 1439 2431 ad
1467 2402 1728 2432 Fournmzmuu
1756 2411 1783 2440 p.
1806 2410 1839 2430 12
1844 2410 1871 2433 2.

1738 2442 1872 2473 Luxu
1923 2447 1925 2449 '
