1955 2732
306 120 365 159 ,60
504 110 628 149 LIB.
665 110 806 151 XXX.
873 111 1026 152 VITA
1069 110 1349 152 HUMANA
1393 111 1466 152 ET
1511 112 1693 153 MORS.

310 208 481 246 obeuntis
503 206 686 257 sanguinis
709 210 808 258 rapi,
840 209 908 246 five
936 208 1004 246 fint
1029 209 1110 258 ipsae
1130 218 1244 258 partes
1266 210 1409 258 parietis
1432 208 1518 246 vasis
1542 209 1691 256 alicujus
1708 237 1717 251 ,
1753 206 1822 245 five
1851 207 1896 246 de

309 266 544 305 cellulofitate
571 269 695 306 avull‘ae
723 281 806 307 cum
824 269 928 317 adipe
951 282 986 304 m
1007 280 1113 306 venas
1144 270 1317 311 redeant,
1354 268 1422 305 five
1449 269 1493 305 de
1513 267 1644 306 ossibus
1665 268 1813 306 reduces
1837 280 1898 305 ve-

305 326 400 364 noso
426 327 589 376 sanguini
615 329 819 365 reddantur.
876 338 921 365 ‘ia
955 328 1097 365 videtur
1132 331 1296 366 materies
1335 327 1402 365 esse
1434 329 1623 366 uberrimae
1651 335 1780 372 terrae,
1814 338 1895 378 quae

302 387 343 423 in
376 390 477 424 urina
504 390 690 436 reperitur.
738 388 832 424 Nam
864 387 998 424 etiamfi
1027 389 1177 425 minime
1205 396 1335 425 terram
1363 399 1462 437 aquae
1490 387 1644 437 potabili
1669 388 1808 424 mistam
1829 398 1892 424 ex-

306 445 422 484 cludo
457 446 555 495 (d),
592 446 661 495 ipsa
690 455 811 483 tamen
848 454 950 484 terrae
973 459 1056 484 cum
1081 447 1165 484 oleo
1191 451 1302 485 urinae
1331 450 1458 485 intima
1488 446 1631 485 miscela
1655 446 1894 488 suadet,non

305 505 458 543 crudam
478 533 486 547 ‚
521 512 582 542 aut
608 508 714 554 potui
751 505 932 547 debitam,
968 519 1045 544 eam
1076 515 1178 544 terrae
1207 514 1346 555 partem
1379 506 1469 544 effe.
1507 519 1586 556 quae
1614 517 1698 544 cum
1729 505 1816 543 oleo
1854 506 1891 542 &

302 563 373 601 sale
387 564 551 602 humano
572 565 664 602 adeo
687 565 869 613 profunde
889 568 1009 603 intrita
1034 565 1095 609 fit,
1130 573 1171 604 ut
1189 579 1258 604 une.
1276 566 1431 604 volatilis
1456 566 1646 603 adscendat
1672 570 1687 611 (
1706 578 1723 602 e
1742 569 1755 607 ζ
1771 593 1782 608 ,
1812 576 1892 614 quae

302 623 432 660 eadem
453 623 564 662 cruda
589 625 628 661 in
652 621 751 662 febre
778 637 864 663 cum
889 625 1134 674 c‹›pi0fi›l}1no
1163 634 1256 674 potu
1277 638 1371 676 pene
1396 626 1511 668 nulla,
1545 627 1581 662 in
1604 625 1702 663 febre
1722 623 1766 662 ad
1784 623 1891 661 crisin

300 682 517 726 accedente,
552 691 612 721 aut
633 684 789 731 judicata
807 713 816 727 ‚
838 684 1076 734 copiofiffima
1094 714 1103 728 ,
1125 687 1232 722 etiaim
1251 698 1336 723 cum
1360 685 1508 722 modico
1530 693 1622 733 potu
1641 682 1693 725 fit,
1729 684 1762 721 A
1782 691 1890 721 motu

302 743 411 780 etiam
435 742 653 786 musculari,
688 743 819 793 absque
850 753 969 793 potu,
1005 747 1113 794 copia
1145 752 1245 782 terrae
1273 746 1310 782 in
1341 746 1444 782 urina
1478 744 1710 781 vehementer
1735 750 1888 790 augetur

300 801 407 849 (f),
455 803 491 839 Sc
517 804 556 839 in
584 802 790 841 universum
822 804 943 842 multo
973 806 1090 852 major
1116 806 1154 841 in
1181 804 1274 842 lotio
1310 810 1412 842 terrae
1449 805 1556 853 copia
1579 803 1650 845 est,
1695 814 1804 851 quam
1849 802 1891 838 in

299 860 381 898 ullis
403 864 515 911 aquis.
580 860 639 900 Est
663 864 764 900 enim
796 863 839 900 ad
856 875 967 912 grana
989 874 1044 909 24
1090 865 1128 900 in
1153 863 1268 907 libi-,a
1303 874 1389 901 cum
1415 874 1515 913 aquae
1537 864 1646 900 etiam
1668 863 1889 911 impuriores

296 920 360 958 vix
388 920 600 969 quindecim
630 923 669 959 in
702 921 792 959 libra
824 934 934 971 grana
961 923 1116 960 habeant
1146 928 1157 961 ζ
1170 925 1239 969 g).

358 977 446 1017 Eam
467 981 656 1018 materiem
682 981 771 1024 effe,
807 994 886 1031 quae
907 983 946 1019 in
964 981 1065 1019 senio
1090 982 1181 1019 adeo
1204 980 1374 1032 frequens
1401 982 1494 1019 inter
1519 980 1813 1019 membranarum
1833 992 1888 1018 ar-

295 1039 508 1077 terlosalum
527 1040 714 1079 intervalla
737 1040 958 1090 deponitur,
995 1043 1031 1078 &
1059 1041 1104 1079 de
1125 1053 1196 1091 qua
1222 1040 1441 1091 propediem
1471 1040 1630 1084 dicetur,
1664 1039 1768 1082 valde
1800 1050 1888 1089 pro-

294 1098 413 1136 babile
437 1099 497 1137 est.

761 1224 796 1266 ς.
830 1218 878 1257 V.
933 1218 982 1257 Ut
997 1231 1036 1257 ea
1050 1220 1196 1266 jaaura
1221 1227 1418 1268 reparetur.

351 1334 513 1375 Tantum
539 1337 576 1375 δε
611 1337 682 1376 tale
708 1340 888 1387 reparari,
922 1344 1100 1388 quantum
1125 1338 1162 1375 &
1194 1338 1274 1388 qua*
1280 1351 1299 1377 e
1324 1337 1490 1377 amissum
1519 1339 1589 1382 est,
1620 1337 1658 1376 id
1677 1339 1806 1378 nutriri
1831 1339 1884 1377 di·

293 1396 396 1434 citur.

351 1453 519 1491 Nutritio
551 1454 590 1491 in
619 1450 697 1503 ipso
728 1454 806 1493 fetu
840 1456 993 1503 incipit,
1027 1466 1105 1504 quo
1134 1455 1223 1493 loco
1257 1458 1333 1502 eius
1365 1456 1545 1494 theoriam
1581 1457 1751 1496 hastenus
1782 1458 1883 1496 dedi—

289 1523 374 1552 mus
405 1514 511 1558 (a),
546 1513 583 1550 &
603 1514 725 1562 pergit
744 1516 784 1551 in
809 1513 963 1551 homine
992 1513 1130 1552 adulto.
1147 1507 1208 1551 ‘In
1228 1515 1422 1561 juvenibus
1440 1517 1484 1553 ab
1497 1518 1727 1554 incremento
1744 1545 1753 1560 ,
1790 1525 1883 1556 tam-

286 1584 399 1623 quam
423 1583 442 1608 a
467 1571 551 1609 luce
569 1573 701 1619 majori
722 1574 870 1615 minor,
905 1571 1116 1610 obscuratur
1133 1600 1143 1615 ‚
1191 1584 1269 1621 quo
1294 1575 1332 1610 in
1350 1573 1464 1613 stadio
1495 1574 1576 1624 plus
1619 1576 1769 1614 addatur
1799 1589 1882 1615 cor-

287 1632 393 1683 pori,
427 1643 540 1680 quam
564 1631 613 1669 est
638 1629 814 1670 amiffum.
845 1630 880 1670 Is
899 1640 1021 1669 autem
1049 1640 1215 1670 accurate
1227 1632 1343 1677 status
1367 1632 1499 1672 dicitur
1526 1634 1688 1673 hominis
1705 1664 1713 1678 ,
1742 1637 1781 1673 in
1801 1647 1880 1686 quo

286 1692 529 1741 supponitur,
564 1691 673 1729 unice
702 1691 853 1740 jafflxras
872 1692 1060 1740 reparari:
1095 1693 1157 1741 qui
1181 1691 1309 1729 adeoa
1340 1701 1404 1729 20.
1435 1693 1492 1730 vel
1522 1703 1587 1739 25.
1610 1705 1708 1733 anno
1734 1695 1875 1746 incipit.

286 1751 440 1791 Debent
469 1756 596 1788 autem
622 1750 660 1787 &
691 1749 810 1788 fluida:
841 1760 961 1800 partes
984 1752 1155 1799 corporis
1186 1752 1363 1800 reparari,
1400 1752 1435 1789 &
1459 1751 1579 1791 firmae.

349 1811 491 1850 Priores
508 1837 519 1852 ,
554 1816 595 1848 ut
620 1809 850 1848 renascantur
866 1814 880 1856 ζ
893 1811 963 1856 cst)
978 1837 989 1853 ‚
1007 1809 1091 1848 alias
1109 1809 1245 1848 diuum
1269 1811 1340 1853 est,
1366 1819 1543 1860 quantuni
1568 1810 1708 1851 sufficit.
1735 1811 1879 1852 Eaedem

285 1883 422 1920 nempe
446 1867 557 1907 causae
576 1870 700 1907 cibum
719 1876 921 1919 coquentes
933 1897 944 1913 ,
968 1881 1013 1907 ex
1032 1870 1164 1908 eodem
1183 1871 1287 1913 cibo,
1309 1869 1438 1908 ssmiles
1456 1871 1631 1911 humores
1649 1872 1874 1922 producunt.

286 1928 334 1972 Et
353 1931 475 1980 primo
495 1929 652 1977 produci
670 1928 800 1968 ssmiles
815 1958 824 1972 ,
839 1930 903 1968 -vel
923 1940 968 1967 ex
987 1930 1181 1968 immutato
1197 1930 1264 1967 illo
1279 1930 1479 1970 charaetere
1494 1930 1741 1971 humanorum
1756 1931 1878 1982 liquo-

252 2023 259 2025 ,
288 2002 373 2030 rum
398 1987 633 2039 intelligitur,
657 2002 768 2041 quem
786 1989 967 2034 diximus,
991 2002 1011 2028 a
1030 1990 1178 2029 canibus
1200 1989 1373 2040 adgnosci
1391 1990 1440 2044 (b
1452 1991 1490 2044 ):
1510 1998 1591 2032 tum
1606 2004 1626 2031 a
1642 1991 1877 2031 similitudine

1838 2051 1877 2090 ἀ

326 2161 399 2199 (d)
420 2163 449 2194 L
466 2163 551 2195 xlx.
581 2175 609 2203 p.
634 2174 704 2199 22⁹.

325 2204 383 2240 (a)
405 2204 603 2237 Bossmu.
631 2203 751 2237 Praeleet.
776 2207 856 2238 acad.
880 2205 991 2239 T.111.
1016 2215 1044 2244 ρ.
1068 2215 1138 2246 290.
1180 2204 1184 2205 ⁷

322 2242 383 2324 {g
408 2244 594 2324 {Dilbltdp
580 2257 606 2285 p.
609 2256 694 2325 ἔοι
713 2246 1240 2287 ⁶32.1Jaem.1,.xxvl.p.361.

322 2328 388 2364 (a
416 2325 768 2362 L.xxlx.5e3.1V.

319 2366 593 2406 (a·)1..xxx.
619 2380 648 2409 p.
674 2379 725 2408 49.
1178 2368 1246 2408 (ὅ)
1265 2377 1295 2408 p.
