1955 2732
415 105 676 147 sacrus.
737 105 946 145 VITA
1003 104 1280 145 FETUS.
1539 113 1621 152 277

180 217 373 257 Deberent
401 215 493 254 adeo
514 243 523 258 ,
551 226 597 252 ex
621 213 676 252 Cl.
701 215 767 251 viri
786 213 927 252 theoria
948 243 957 257 ,
989 215 1115 263 primae
1144 213 1230 250 strui
1249 211 1410 249 minimae
1431 222 1532 248 venae
1551 239 1561 253 ‚
1588 210 1626 247 δε

69 276 188 313 trunci
214 273 402 312 novissime
426 271 597 310 accedere
612 298 622 314 ,
654 273 779 321 prin-iac
802 283 890 320 ergo
915 271 982 309 illae
1002 272 1151 308 minutae
1181 280 1280 307 venae
1311 268 1482 317 adparere
1502 295 1512 310 ‚
1547 278 1626 317 quae

68 331 138 369 fint
161 331 427 369 umbilicalium
454 329 601 366 radices,

181 411 294 450 Nunc
320 412 357 449 id
372 423 449 448 non
474 409 521 447 fit.
556 409 656 458 Saepe
679 409 780 452 vidi,
798 408 890 446 vidit
914 409 1023 446 etiam
1044 407 1289 445 Mimnermus
1314 405 1579 444 MALmGHms
1594 405 1628 450 t)

69 475 210 519 partem
241 469 326 505 retis
361 466 482 505 venofi
520 466 741 515 superiorem
764 467 811 502 ita
840 465 1111 514 imperfectam,
1143 471 1184 501 ut
1219 464 1309 501 rami
1346 464 1384 499 in
1414 461 1627 499 circularem

70 534 241 564 truncum
274 524 395 560 inserti
426 523 614 560 inferiores
648 522 797 570 quidem
828 521 1015 570 conspicui
1043 521 1257 569 adparerent
1290 548 1299 562 ‚
1345 519 1435 556 rami
1461 529 1547 555 vero
1576 517 1630 555 su-

70 583 229 631 periores
248 609 258 622 ,
291 579 361 617 five
384 579 551 620 radiculae
567 607 576 621 ,
611 578 716 615 nullae
740 578 948 615 viderentur
968 576 1021 620 v).
1069 576 1190 619 Recte,
1219 575 1245 613 fi
1268 575 1417 626 quidem
1444 574 1581 612 venulae
1611 586 1632 611 a

70 638 251 688 paucitate
277 636 517 685 globulorum
544 634 737 672 invisibiles
766 635 870 673 sunt:
902 641 1030 671 contra
1051 632 1269 682 hypothefin
1288 661 1297 675 ‚
1330 632 1355 668 fi
1375 631 1535 679 eousque
1557 629 1632 667 vas-

72 693 197 732 culum
222 692 506 743 progrederetur
523 721 534 736 ,
570 691 760 742 quousque
786 693 925 741 primus
951 690 1192 739 globulorum
1224 691 1383 738 impetus
1411 687 1553 725 valeret.

188 774 400 813 Evidentius
424 773 550 811 eadem
572 773 746 823 adparent
768 774 805 809 in
826 773 902 809 aliis
927 773 1136 821 embryonis
1159 770 1254 808 vafis.
1301 769 1346 808 Et
1364 771 1523 819 primum
1541 780 1632 806 vena

72 831 243 880 jugulatis
265 830 308 875 x)
334 838 416 868 ante
446 830 646 868 carotidem
673 830 844 879 adparet,
878 842 955 866 non
985 828 1086 879 quod
1118 828 1281 877 potuerit
1310 827 1441 875 absque
1471 824 1632 863 carotide

73 886 188 925 adesse
205 916 214 930 ‚
248 900 327 935 quae
345 900 433 924 vena
450 886 501 929 sit,
524 899 602 924 non
628 887 772 924 aliunde
799 886 1008 934 sanguin-:3111
1032 884 1223 922 habitura:
1256 883 1314 920 sed
1342 883 1443 932 quod
1467 880 1631 924 crassior‚

73 955 92 980 a
116 944 290 992 congesto
315 944 486 992 sanguine
507 945 606 992 prius
627 971 636 986 ,
670 955 779 992 quain
809 944 935 979 arteria
955 970 965 985 ,
998 941 1210 984 coloretur,
1242 947 1284 978 ut
1313 939 1464 977 oculum
1495 938 1598 975 feriat
1617 965 1628 980 ‚

73 1012 150 1049 quo
168 1009 334 1049 tempore
353 1002 489 1037 arteria.
512 1000 745 1048 paucioribus
765 1006 947 1048 permeata
966 998 1126 1046 globulis
1139 1026 1155 1048 ι,
1187 997 1236 1035 ob
1258 996 1434 1046 pallorem
1450 995 1545 1033 latet.
1590 993 1632 1031 In

73 1057 214 1094 femore
231 1086 241 1100 ,
267 1058 355 1095 tibia
371 1085 381 1100 ,
402 1057 538 1105 aiisque
558 1056 746 1093 adnotatio
767 1056 886 1093 nostra
906 1053 1183 1092 manifestiffima
1203 1054 1261 1091 est.
1294 1053 1463 1094 Arteriae‚
1479 1058 1521 1090 ut
1539 1050 1635 1088 recte

75 1114 184 1151 etiam
212 1113 266 1151 Cl.
291 1113 493 1150 XWorrrus
517 1113 609 1149 vidit
623 1111 686 1158 y),
702 1113 745 1149 ab
762 1113 867 1149 initio
887 1123 951 1160 per
973 1111 1104 1160 punita
1133 1111 1168 1147 δι
1193 1110 1302 1147 lineas
1327 1108 1509 1158 adparent.
1543 1106 1635 1145 Non

76 1170 179 1218 quod
196 1170 339 1218 globuli
366 1170 547 1216 sanguinis
568 1168 728 1205 diffoluti
754 1170 926 1205 oberrent
949 1196 958 1209 ‚
991 1179 1074 1204 nam
1100 1167 1176 1204 haec
1196 1167 1351 1215 pumera,
1386 1166 1421 1202 ὃς
1452 1165 1505 1202 hae
1531 1164 1635 1200 lineae

74 1234 242 1264 accurate
269 1225 507 1262 directionem
539 1233 666 1262 tenent
689 1224 775 1262 vasis
816 1224 984 1262 nondum
1017 1223 1190 1272 sanguine
1217 1223 1379 1272 undique
1402 1221 1529 1270 pleni3
1559 1232 1636 1257 me-

76 1281 142 1320 diae
169 1294 255 1320 vero
282 1283 376 1319 inter
404 1281 529 1318 rubras
556 1281 665 1319 lineas
684 1283 875 1330 portiones
896 1280 980 1318 ideo
1004 1280 1086 1319 sunt
1110 1278 1302 1318 invisibiles
1322 1307 1333 1322 ‚
1366 1278 1469 1329 quod
1490 1277 1634 1326 sangui-

76 1340 131 1377 nis
154 1338 310 1377 habeant
329 1339 461 1375 minus.

192 1419 328 1458 Eadem
355 1432 439 1457 vera
469 1419 551 1457 sunt
581 1419 626 1456 de
660 1418 745 1456 vasis
777 1419 997 1455 membranae
1034 1416 1179 1459 vitelli,
1224 1414 1440 1465 venosaeque
1473 1415 1598 1464 figurae
1621 1426 1635 1458 ,-

78 1489 163 1516 nam
183 1477 219 1514 δε
245 1489 285 1514 ea
303 1489 368 1526 per
386 1476 518 1526 punfta
542 1477 578 1513 Sc
603 1474 754 1513 lineolas
782 1474 890 1512 divisa
917 1475 997 1512 sunt
1015 1502 1025 1516 ,
1055 1473 1103 1510 ob
1124 1472 1289 1510 eamdem
1307 1474 1461 1510 omnino
1483 1471 1634 1510 causam.

181 1557 352 1595 Demum
377 1559 441 1607 qui
463 1556 728 1599 considerabit,
763 1558 900 1594 arteriis
928 1567 1036 1592 venas
1064 1554 1199 1592 sodales
1232 1567 1301 1603 pro
1336 1561 1432 1591 certa
1462 1554 1638 1602 portione

79 1614 300 1664 respondere
314 1643 324 1657 ‚
357 1627 435 1652 non
460 1613 585 1651 credet
607 1626 770 1663 unquam
789 1641 798 1655 ‚
821 1613 964 1650 arterias
981 1611 1192 1648 mechanice
1211 1623 1229 1647 a
1247 1611 1417 1659 sanguine
1437 1616 1534 1646 natas
1557 1607 1634 1646 effe.

79 1671 179 1709 Nam
203 1672 238 1708 ἃ
261 1672 403 1721 priores
422 1683 520 1708 venae
542 1670 740 1719 adparent,
776 1670 813 1706 δε
839 1677 990 1707 truncos
1015 1667 1151 1705 habent
1178 1668 1332 1714 majores
1359 1671 1396 1703 in
1425 1665 1497 1715 ipsa
1521 1665 1637 1713 figura

79 1727 212 1765 venosa
228 1755 238 1770 ‚
271 1739 317 1764 ex
344 1740 414 1777 qua
438 1727 587 1764 demum
617 1739 708 1764 vena
729 1726 945 1764 umbilicalis
967 1724 1131 1773 hepatica
1151 1722 1314 1761 confluit.
1347 1723 1459 1760 Nunc
1476 1724 1633 1765 arteriae,

80 1782 107 1820 fi
136 1783 223 1820 velis
242 1783 452 1821 mechanice
475 1783 623 1820 reflexas
642 1782 686 1827 z)
705 1783 750 1820 ad
771 1794 836 1820 cor
858 1780 998 1819 rediiffe
1011 1809 1021 1823 ‚
1054 1792 1244 1830 nunquam
1265 1779 1442 1827 ejusmodi
1463 1781 1499 1815 in
1521 1781 1638 1816 circu-

81 1839 161 1878 lum
191 1841 290 1888 prius
314 1839 578 1877 confluxissent.
625 1839 695 1877 Sed
722 1841 848 1888 utique
885 1851 931 1877 ex
967 1838 1083 1887 parvis
1110 1838 1217 1874 ramis
1236 1865 1245 1879 ,
1279 1836 1424 1884 repulso
1451 1835 1634 1883 sanguine,

81 1908 208 1946 parvas
233 1908 339 1933 venas
360 1895 575 1938 effecissent,
600 1908 679 1946 quae
700 1897 795 1934 viam
816 1896 915 1934 suam
934 1908 953 1932 a
974 1896 1010 1932 vi
1033 1906 1124 1932 caeca
1147 1893 1260 1931 duuae
1283 1905 1360 1930 non
1382 1895 1496 1940 magis
1520 1893 1558 1929 in
1572 1902 1638 1929 cor

82 1951 297 1990 invenissent
313 1981 323 1996 ‚
356 1965 467 2003 quam
489 1954 528 1990 in
551 1953 725 2003 reliquam
746 1981 758 1997 ,
789 1954 936 1991 inanem
954 1953 990 1989 ἃ,
1011 1950 1180 1989 nondum
1196 1948 1394 1999 conspicue
1417 1949 1637 1987 vasculosam

82 2010 331 2047 membranam
355 2009 478 2049 vitelli.

883 2063 929 2104 M
950 2077 989 2102 m
1022 2075 1039 2110 3
1599 2061 1636 2100 Si

124 2119 151 2155 t)
172 2119 309 2150 Incubati
327 2121 373 2149 ovi
393 2119 412 2150 f.
429 2129 475 2149 20.
489 2128 534 2150 22.
549 2128 597 2156 24.

126 2160 158 2195 v)
182 2159 291 2188 Venosa
310 2160 400 2198 figura
420 2160 547 2198 perfecta
563 2183 571 2196 ‚
596 2170 662 2190 curn
683 2169 821 2190 venarum
842 2160 1024 2189 minimarum
1045 2158 1102 2188 sola
1124 2158 1205 2188 initia
1224 2158 1380 2195 adpareant
1401 2157 1498 2187 Form.
1516 2157 1636 2193 dupon-

85 2201 154 2230 ktl.
169 2210 198 2237 p,
211 2203 256 2229 66.
288 2201 399 2231 Venosa
419 2202 508 2239 figura
532 2202 658 2239 perfecffa
672 2223 680 2237 ,
706 2211 769 2230 area
788 2200 959 2231 umbilicalis
979 2199 1109 2238 grumosa
1130 2209 1157 2237 p.
1180 2203 1226 2233 68.
1249 2205 1294 2235 87.
1314 2209 1359 2233 90.
1375 2208 1421 2233 93.
1436 2201 1482 2227 οὗ.
1498 2202 1545 2232 98.
1570 2206 1633 2225 100.

85 2240 172 2270 Venae
186 2240 337 2271 inferiores
358 2252 428 2271 areae
449 2242 513 2271 sunt
530 2250 640 2272 trintum
661 2243 762 2271 durius
786 2244 812 2271 δι’
831 2241 922 2277 lineae,
938 2251 1003 2270 cum
1016 2240 1112 2278 figura’
1122 2240 1244 2269 ambitus
1258 2240 1401 2277 perfectus
1415 2238 1447 2267 iit
1464 2247 1492 2275 p.
1507 2247 1552 2275 70.
1573 2244 1636 2266 tum

84 2290 113 2319 p.
129 2284 175 2318 76.
199 2281 283 2312 Flava
295 2283 414 2312 inferius
429 2281 538 2313 vascula
551 2306 559 2319 ‚
582 2293 649 2313 cum
664 2283 753 2321 figura
769 2281 873 2312 venosa
888 2282 972 2312 rubra
986 2281 1018 2310 fit
1031 2291 1057 2319 p.
1072 2290 1118 2318 77.
1143 2281 1188 2310 Sic
1201 2280 1270 2310 hora
1284 2284 1330 2315 64.
1346 2289 1372 2316 p.
1386 2289 1434 2316 90.

124 2328 158 2361 u)
180 2325 276 2355 form.
288 2326 311 2354 l.
327 2333 352 2361 p.
368 2334 415 2359 94.

120 2369 157 2404 5)
178 2365 265 2395 Nulla
277 2365 340 2394 vasa
354 2366 382 2393 in
397 2374 460 2394 arca
477 2364 631 2394 umbilicali
643 2364 710 2394 hora
722 2374 767 2400 44.
793 2364 849 2393 Sed
862 2362 918 2392 loci
931 2372 983 2399 pro
998 2362 1030 2390 iis
1045 2361 1114 2392 fusci
1127 2371 1235 2399 erzeug.
1250 2370 1277 2399 p.
1291 2365 1360 2392 261.

126 2410 158 2444 2)
181 2406 253 2436 vide
266 2426 275 2440 ‚
303 2405 325 2435 fi
348 2405 463 2443 placet,
480 2414 512 2435 ut
532 2405 575 2436 el.
593 2405 635 2435 vir
657 2415 795 2436 venarum
813 2405 958 2443 originem
978 2403 1106 2441 eXplicet
1126 2413 1154 2441 p.
1172 2408 1221 2438 ες.
