1955 2732
293 134 372 176 396
764 124 859 164 LIB.
890 124 1037 164 XXIX.
1097 123 1125 162 F
1155 122 1184 162 E
1214 123 1248 162 T
1278 123 1312 162 U
1344 124 1378 163 S.

406 234 520 273 Nunc
538 234 641 272 facile
663 244 728 283 per
749 232 876 270 eadem
895 231 1120 274 ostenditur,
1153 230 1483 276 cumlMERums
1513 231 1658 270 calculis
1681 233 1758 270 haec
1785 235 1855 271 mi-

297 294 397 330 nime
422 291 636 329 consentire.

414 381 625 420 Secundum
655 392 741 418 eum
768 379 821 417 Cl.
843 380 962 417 virum
983 374 1027 429 q)
1044 379 1171 416 arteria
1190 377 1408 427 pulmonalis
1429 378 1562 426 accipit
1584 390 1602 414 a
1620 377 1750 416 dextro
1769 391 1857 416 ven-

301 438 436 476 triculo
461 438 672 486 sanguinem
698 448 848 474 omnem
878 447 978 473 venae
1001 447 1094 473 cavae
1111 463 1122 478 ,
1156 436 1193 472 ἂ
1216 441 1387 484 praeterea
1410 433 1622 482 sanguinem
1639 434 1677 479 r)
1707 447 1857 473 ornnem

303 507 368 544 per
393 495 559 532 foramen
581 493 685 531 ovale
708 492 891 531 reducem.

416 581 578 624 Contra,
610 587 709 618 aorta
735 581 866 630 accipit
894 592 978 618 eum
1006 579 1123 618 solum
1153 578 1364 628 sanguinem
1381 607 1390 621 ,
1424 580 1488 628 qui
1511 577 1704 626 pulmones
1725 577 1854 622 subiit,

304 638 528 676 diminutum
552 650 592 675 ea
618 639 791 687 portione
809 665 819 680 ‚
852 649 932 686 quae
956 649 1019 687 per
1047 635 1339 686 foramenovale
1362 636 1400 671 in
1426 634 1552 671 dextra
1575 634 1690 672 rediit.

412 725 514 763 Pone
537 737 636 764 nunc
657 737 702 763 ex
732 732 946 774 comparato
976 724 1192 773 amplissimo
1223 726 1315 763 ostio
1347 723 1539 762 ventriculi
1586 723 1704 760 dextri
1730 752 1738 767 ,
1773 736 1856 761 cum

305 783 456 819 minima
480 783 536 819 via
556 811 567 826 ,
610 794 690 832 quae
717 794 781 831 per
813 782 978 819 foramen
1009 783 1112 819 ovale
1150 789 1275 831 patet,
1310 789 1472 831 quartam
1506 781 1688 828 sanguinis
1718 788 1858 829 partem

306 850 406 875 venae
434 850 528 875 cavae
555 850 619 888 per
656 851 734 875 eam
770 840 865 876 viam
892 840 1043 876 transire
1063 867 1072 881 ‚
1114 838 1216 887 quod
1243 838 1399 875 multum
1427 838 1475 874 est
1502 849 1512 882 3
1556 837 1704 873 habebit
1731 837 1858 874 arteria

1411 892 1420 908 n

305 893 525 942 pulmonalis
547 908 572 930 a.
592 893 663 932 five
684 895 896 943 sanguinem
923 907 1022 932 venae
1035 907 1130 932 cavae
1154 906 1322 937 omnem,
1347 894 1382 931 ὃς
1408 916 1450 946 32
1480 892 1548 931 sive
1572 890 1614 939 {a
1644 890 1688 940 s).

417 982 519 1020 Pone
548 982 697 1020 ductum
722 983 934 1021 arteriosum
951 983 1125 1032 aequalem
1148 985 1254 1020 ramis
1274 981 1306 1026 t>
1329 982 1600 1031 pulmonalibus
1615 1010 1624 1024 ‚
1660 982 1723 1018 etii
1739 981 1858 1019 multo

305 1040 422 1087 major
444 1040 519 1084 est3
551 1039 731 1088 accipient
756 1041 780 1076 ii
803 1039 853 1085 {a
878 1052 956 1089 quae
976 1040 1101 1077 eadem
1126 1039 1307 1088 sanguinis
1332 1041 1455 1087 portio
1489 1041 1596 1076 etiam
1620 1040 1657 1075 in
1683 1037 1795 1075 finum
1816 1037 1859 1076 fi-

305 1096 456 1133 nistrum
471 1097 599 1134 veniet.
633 1095 810 1133 Remittet
828 1096 872 1134 de
891 1095 958 1133 hac
979 1099 1085 1145 copia
1107 1095 1200 1134 finus
1219 1095 1351 1132 sinister
1371 1102 1535 1144 quartam
1555 1101 1694 1143 partem
1716 1093 1857 1143 sangui-

304 1154 360 1188 nis
390 1165 487 1190 venae
515 1164 609 1189 cavae
640 1154 676 1189 in
701 1152 865 1189 dextram
890 1165 1014 1190 aurem
1031 1181 1041 1195 ‚
1068 1165 1200 1201 nempe
1221 1156 1273 1203 {a
1325 1152 1491 1200 Accipiet
1511 1151 1602 1189 adeo
1623 1158 1722 1187 aorta
1741 1148 1792 1196 {a
1809 1174 1858 1181 ---

305 1208 346 1256 {a
375 1222 426 1239 =
444 1226 484 1256 *ga
513 1207 584 1245 five
605 1208 815 1257 sanguinem
840 1210 1048 1247 arteriarum
1073 1209 1360 1257 pulmonalium,
1383 1208 1605 1246 diminutum
1621 1219 1666 1244 eo
1684 1234 1694 1248 ,
1714 1208 1776 1255 qui
1793 1219 1858 1255 per

305 1261 470 1301 foramen
487 1265 592 1302 ovale
608 1266 644 1302 in
663 1265 794 1302 dextro
812 1265 926 1302 rediit.
955 1266 1120 1314 Accipiet
1138 1277 1228 1314 ergo
1248 1263 1300 1311 {a
1326 1277 1411 1303 cum
1427 1266 1552 1302 arteria
1563 1263 1780 1312 pulmoualis
1798 1274 1857 1300 ac-

306 1321 395 1369 cipit
415 1319 460 1367 {a
485 1318 554 1358 five
570 1325 629 1373 {ga
667 1320 737 1359 five
756 1326 812 1374 ¹q⁰a
851 1322 962 1371 triplo
975 1322 1079 1372 plus,
1103 1334 1213 1372 quam
1235 1322 1362 1359 arteria
1383 1328 1482 1358 aorta
1496 1349 1506 1364 ‚
1533 1332 1618 1358 cum
1639 1325 1761 1356 tamen
1781 1319 1857 1357 exi-

306 1388 378 1424 gua
399 1378 573 1426 portione
595 1379 711 1426 maj0r
728 1377 778 1415 fit.

416 1463 549 1513 Longe
574 1466 687 1513 majus
712 1464 796 1503 esset
820 1466 948 1503 vitium
974 1465 1171 1503 Menum
1198 1465 1352 1509 calculi,
1386 1464 1410 1502 fi
1434 1465 1581 1515 duplam
1609 1465 1734 1503 duetus
1764 1470 1857 1501 arte-

307 1519 388 1557 riofi
407 1549 416 1563 ,
450 1521 494 1558 ad
517 1521 703 1570 pulmonis
723 1523 889 1564 arterias,
913 1521 1103 1559 sumsissem
1124 1524 1312 1559 rationem.
1373 1521 1481 1560 Tunc
1504 1524 1600 1560 enim
1630 1521 1755 1558 arteria
1775 1519 1854 1568 pul-

306 1576 461 1613 monalis
492 1586 656 1615 maneret
678 1577 713 1625 Ξ,
738 1584 838 1615 aorta
858 1580 1029 1615 retineret
1056 1578 1237 1626 sanguinis
1269 1589 1369 1615 venae
1403 1590 1497 1616 cavae
1523 1586 1661 1628 partem
1687 1577 1822 1614 sextam
1843 1603 1853 1619 ,

306 1631 463 1682 effe-:tque
490 1634 625 1671 arteriae
652 1634 872 1684 pulmonalis
888 1662 898 1678 ‚
930 1634 975 1672 ad
1002 1640 1141 1673 aortam
1157 1662 1167 1677 ,
1199 1635 1289 1672 ratio
1311 1643 1353 1672 ut
1378 1638 1420 1685 7}
1442 1635 1485 1672 ad
1509 1646 1539 1671 1.
1583 1633 1713 1684 Neque
1733 1634 1857 1682 iniqua

306 1688 494 1737 petiissem.

419 1776 550 1815 Puiino
582 1776 673 1814 adeo
700 1778 737 1814 in
766 1777 868 1821 fetu,
900 1778 955 1815 his
985 1777 1109 1827 pofitis
1131 1805 1141 1821 ,
1173 1778 1327 1826 accipiet
1349 1777 1560 1827 sanguinem
1585 1783 1726 1818 totum,
1754 1786 1856 1812 nem-

306 1845 353 1882 pe
376 1855 400 1874 a?
431 1833 652 1870 diminutum
678 1832 731 1880 ἦε,
757 1835 820 1883 qui
842 1847 906 1884 per
931 1835 1096 1872 foramen
1121 1833 1225 1871 ovale
1247 1833 1369 1872 transit
1389 1863 1398 1877 ‚
1433 1835 1467 1871 &
1498 1836 1629 1870 iterum
1646 1830 1699 1878 ἔῃ,
1726 1831 1785 1868 sed
1802 1830 1856 1867 di-

305 1890 492 1926 minutum
513 1889 652 1927 duabus
667 1891 780 1928 tertiis
800 1918 810 1934 ,
843 1902 908 1941 per
928 1891 1076 1930 ductum
1100 1889 1311 1928 arteriosum
1330 1890 1457 1928 amiffis
1471 1917 1480 1931 ‚
1508 1895 1647 1938 partem
1668 1887 1759 1925 adeo
1779 1886 1855 1924 san-

307 1946 429 1995 guinis
446 1947 559 1985 totius
578 1944 626 1994 {a

1686 2057 1719 2099 5.
1754 2052 1847 2092 LIII.

347 2171 380 2211 9)
403 2175 580 2217 mamas

346 2217 375 2246 r)
401 2212 470 2241 ibid.

347 2254 374 2287 s)
396 2252 524 2282 Tantum
546 2261 581 2278 =
603 2259 620 2285 2
635 2261 716 2282 venae
732 2261 807 2282 cavae
824 2252 966 2283 inferioris
978 2254 1047 2285 facit
1059 2254 1248 2285 numum.
1260 2253 1292 2284 11.
1311 2264 1338 2292 p.
1353 2264 1418 2288 ως,
1442 2253 1522 2283 Nihii
1535 2258 1630 2283 autern
1648 2249 1730 2281 valde
1743 2249 1779 2279 ad
1793 2258 1854 2279 rem

307 2291 375 2321 ficit
385 2314 392 2327 ³
410 2301 495 2328 quam
509 2287 763 2322 sumas⁴rati0nem
777 2316 783 2323 .
809 2295 835 2324 ἃ
859 2303 1060 2332 argumentum
1073 2295 1174 2325 fortius
1193 2295 1246 2324 erit
1261 2317 1268 2327 ,
1294 2304 1351 2332 quo
1363 2295 1454 2331 major
1467 2294 1576 2323 arteriae
1591 2289 1760 2330 pulmonahs
1774 2291 1810 2319 ad
1824 2299 1854 2319 ο-

308 2332 370 2362 vale
393 2332 522 2362 feramen
543 2332 616 2362 ratio
636 2332 732 2363 fuerit.

347 2372 373 2408 t>
396 2382 424 2410 P·
442 2381 508 2411 394·
