1955 2732
413 104 682 145 SECT.IV.
743 103 952 143 VITA
1009 103 1285 144 FETUS.
1551 117 1624 153 305

77 217 285 256 Refistentia
318 216 427 252 etiam
456 224 657 262 corporum
696 213 902 249 vicinorum
941 218 1059 261 partes
1091 213 1257 262 corporis
1292 212 1440 250 animati
1475 210 1629 261 figurat,

79 286 187 324 quain
215 272 365 322 quidem
390 271 568 308 affionem
597 269 944 305 accommodationem
977 276 1112 306 vocant

192 355 279 392 Eam
308 355 346 390 in
376 352 452 390 fetu
471 348 785 388 manifestissimam
808 349 882 386 vidi
902 377 910 391 ‚
944 350 1046 396 cujus
1071 348 1200 397 pulmo
1220 348 1363 386 serratas
1391 346 1487 397 quasi
1507 360 1525 384 a
1550 348 1632 385 sub-

77 412 305 450 nascentibus
329 409 432 446 costis
454 435 463 449 ‚
497 418 561 455 per
588 405 773 442 intervalla
796 405 961 453 parallela
981 405 1018 441 icl
1043 405 1158 442 viscus
1181 404 1508 453 comprimentibus
1523 432 1532 446 ,
1565 417 1633 441 no-

78 476 131 506 tas
159 469 279 516 gerit:
310 465 411 511 cujus
439 475 504 500 cor
527 473 705 498 mucrone
723 460 808 503 suo,
829 463 920 497 inter
938 461 1030 498 duos
1049 460 1155 498 lobos
1180 461 1318 509 hepatis
1345 467 1552 498 accuratum
1579 462 1634 496 ni-

79 524 169 562 dum
185 522 247 559 fibi
263 529 363 570 parat
379 547 390 561 ,
430 520 465 555 ἃ
484 518 593 567 hepar
611 517 762 565 figurat,
785 524 893 565 atque
910 515 1058 553 viciffim
1082 517 1125 553 ab
1150 529 1194 554 eo
1217 517 1392 565 figuratur
1411 530 1418 553 ;
1452 517 1506 553 uti
1525 517 1634 553 etiam

79 580 225 628 relique:
246 584 363 626 partes
393 571 621 625 abdominis,
651 574 687 609 &
710 573 988 610 conformantur
1009 573 1052 610 ab
1080 573 1211 622 hepate
1240 601 1250 616 ‚
1283 573 1320 610 ὃς
1347 572 1392 609 ad
1421 572 1520 609 idem
1544 584 1635 610 con-

80 633 315 673 formandum
344 629 533 669 efficaciter
565 628 806 667 consentiunt.

191 714 336 752 Faciem
349 725 368 749 a
385 712 561 753 manibus,
581 711 618 747 ἃ
634 722 653 747 a
673 711 849 758 genubus,
872 710 1048 747 contracti
1062 709 1154 748 fetus
1178 709 1325 758 figurari
1345 708 1436 746 olim
1455 707 1635 747 creditum

81 773 201 818 esti),
227 772 264 808 δι
292 781 371 819 quae
398 769 463 805 alia
485 767 566 805 sunt
589 765 873 803 innumerabilia.

192 851 322 900 Neque
343 857 459 899 putes,
472 847 559 885 solas
574 855 691 896 partes
712 846 840 884 mones
859 859 878 883 a
896 846 1104 884 durioribus
1127 846 1372 883 conformari:
1405 856 1490 883 cum
1514 845 1635 882 omni-

79 921 130 947 no
155 908 363 957 frequenter
390 918 408 943 a
439 903 650 942 niolliffiinis
678 903 842 940 duriores
868 910 1056 940 mut-entur
1074 931 1084 945 ‚
1121 903 1156 939 δε
1184 903 1386 939 tenerrimae
1415 901 1535 949 pulpae
1567 903 1635 937 im-

79 963 192 1015 pressa
218 964 362 1012 vestigia
378 973 426 999 eae
439 962 637 1009 recipiant,
671 971 750 1008 quae
775 958 856 995 sunt
883 958 1080 996 duriffimae.
1116 959 1205 996 Non
1222 958 1457 1004 solae-arteriae
1474 957 1570 994 durae
1588 953 1634 1005 k)

81 1021 297 1058 membranae
332 1018 471 1055 cerebri
498 1016 615 1054 sulcos
649 1017 685 1052 in
714 1016 838 1052 cranio
868 1014 932 1051 fibi
967 1022 1141 1051 excavant
1164 1043 1174 1057 ,
1217 1014 1306 1052 dum
1335 1013 1438 1061 pulsu
1464 1012 1529 1050 suo
1557 1015 1640 1058 vim

21 1107 27 1116 .-
82 1077 244 1114 alimenti
270 1073 341 1112 offa
371 1072 638 1122 expandentem
658 1072 824 1120 superant
847 1099 856 1113 ‚
890 1083 1008 1119 neque
1033 1070 1152 1108 finunt
1174 1083 1213 1107 ea
1234 1070 1313 1107 sede
1333 1071 1555 1107 incrementa
1578 1079 1635 1106 ca-

80 1144 166 1182 pere
187 1160 196 1174 ,
230 1143 301 1180 qua
321 1129 401 1179 ipsae
424 1127 594 1166 micando
619 1127 788 1164 reliltunt.
832 1126 903 1163 Sed
930 1128 1061 1175 pariter
1086 1139 1216 1163 nervus
1243 1126 1382 1162 raclialis
1410 1127 1446 1161 in
1479 1125 1634 1162 humero

81 1188 272 1235 vestigium
302 1186 405 1223 suum
426 1185 626 1233 relinquit,
646 1185 681 1219 &
711 1184 748 1219 in
774 1183 905 1220 atlante
935 1183 1139 1219 vertebralis
1165 1184 1291 1219 arterIa
1320 1181 1548 1229 profundum
1578 1192 1636 1218 ca-
1694 1173 1699 1177 ¹

80 1244 200 1282 nalem
225 1241 378 1284 effodit,
413 1252 523 1289 quern
546 1240 714 1276 circumit
734 1251 742 1274 :
776 1238 975 1275 Cerebrum
993 1239 1150 1275 intestini
1171 1237 1338 1275 similium
1364 1248 1543 1286 gyrorum
1563 1238 1636 1273 evi-

81 1299 207 1338 dentes
237 1305 341 1335 notas
372 1296 434 1334 ossi
458 1296 587 1333 frontis
611 1290 746 1332 orbitas
770 1294 968 1343 perficienti
996 1296 1175 1342 imprimit
1206 1322 1215 1336 ‚
1251 1293 1410 1330 medulla
1436 1293 1635 1340 oblongata

81 1356 232 1394 demum
262 1352 436 1391 leviffimo
466 1351 567 1389 incili
604 1353 742 1388 exitum
782 1352 885 1387 suum
922 1351 966 1387 de
1001 1350 1222 1387 cuneiformi
1256 1348 1423 1398 proceffu
1461 1348 1630 1396 defignat.

82 1412 173 1450 Non
194 1411 269 1448 haec
292 1410 440 1459 quidem
464 1410 502 1444 in
521 1408 597 1444 fetu
618 1407 711 1444 fiunt
725 1435 735 1449 ,
763 1418 848 1443 cum
873 1407 1018 1454 vestigia
1039 1406 1246 1442 adultorum
1268 1406 1434 1442 vasorum
1454 1405 1636 1452 magnitu-

82 1468 168 1506 dine
193 1467 259 1503 fint
279 1466 359 1508 5⁷1&
387 1467 425 1501 in
447 1464 524 1501 fetu
550 1463 718 1500 nondum
744 1463 946 1510 adpareant.
1007 1461 1167 1510 Adparet
1196 1469 1317 1498 autem
1337 1462 1375 1497 in
1399 1460 1605 1498 universum
1622 1488 1632 1502 ,

83 1526 227 1574 quoties
251 1523 467 1559 alimentum
498 1520 626 1556 fortius
657 1519 701 1554 ad
731 1518 888 1567 aliquam
920 1525 1057 1567 partem
1080 1546 1089 1560 ,
1122 1529 1186 1566 per
1207 1519 1361 1564 majores
1385 1517 1421 1552 ἃ
1446 1517 1632 1554 uberiores

82 1582 225 1618 arterias
245 1607 255 1620 ‚
289 1579 411 1619 venit,
441 1583 529 1612 tunc
553 1577 720 1612 viciniam
738 1602 747 1616 ‚
783 1576 884 1622 cujus
906 1575 1121 1611 alimentum
1138 1574 1270 1610 lentius
1288 1574 1324 1609 ἆ
1346 1574 1486 1620 parcius
1508 1584 1635 1609 move-

82 1644 142 1674 tur
163 1664 172 1678 ‚
208 1636 243 1671 &
272 1646 335 1682 per
361 1634 503 1669 minora
531 1631 608 1668 vasa
625 1659 634 1672 ,
671 1630 797 1668 cedere
821 1631 857 1667 vi
887 1630 1063 1678 superiori
1083 1657 1092 1671 ‚
1124 1630 1160 1665 Sc
1185 1629 1336 1677 figuram
1360 1629 1435 1675 ejus
1452 1630 1563 1677 partis
1580 1640 1635 1665 re-

83 1694 227 1741 cipere,
261 1691 362 1737 cujus
386 1689 523 1735 majora
550 1688 586 1723 δε
610 1687 812 1724 robustiora
837 1685 913 1723 vasa
939 1686 1028 1723 sunt.

198 1771 315 1809 Etiam
345 1768 497 1806 musculi
525 1780 589 1816 per
615 1766 831 1815 preffionem
862 1768 899 1803 in
922 1766 1088 1803 tendines
1113 1772 1398 1807 convertuntur,
1427 1771 1486 1806 ut,
1504 1764 1635 1813 absque

85 1830 304 1877 exceptione
330 1854 339 1868 ,
372 1825 476 1862 facies
504 1822 656 1860 musculi
683 1823 901 1860 tendinescat
922 1851 930 1864 ,
963 1824 1022 1860 cui
1054 1822 1141 1859 alius
1167 1821 1332 1858 robustus
1365 1820 1547 1857 musculus
1574 1819 1637 1856 ad-

84 1884 238 1934 plicatur
259 1896 268 1928 3
299 1883 333 1919 &
357 1881 570 1929 plerumque
588 1886 741 1927 uterque
765 1879 946 1916 musculus
970 1879 1135 1915 tendiuea
1157 1876 1342 1925 superficie
1365 1876 1540 1923 signetur,
1573 1888 1635 1912 cu-

85 1941 141 1987 jus
167 1948 301 1976 naturae
320 1966 329 1980 ‚
363 1938 416 1974 uti
441 1944 574 1974 notum
601 1934 649 1972 est
666 1963 675 1977 ‚
708 1937 880 1984 pauciora
906 1934 1003 1977 vasa,
1040 1933 1207 1972 cellulosa
1231 1933 1301 1969 tela
1328 1932 1478 1969 strictior
1495 1960 1504 1975 ‚
1537 1932 1572 1968 &
1595 1931 1636 1967 fi-

86 1996 158 2033 brae
185 1995 390 2044 graciliores
411 1991 487 2029 smt.

198 2074 277 2124 Ipsa
313 2073 385 2112 offa
414 2071 590 2123 preffione
626 2071 776 2110 humida
808 2071 1033 2110 mollescunt.
1083 2067 1435 2119 ·Frequentiffimum
1457 2068 1529 2110 est,
1566 2080 1635 2116 qua

1534 2131 1635 2173 parte

129 2211 155 2246 i)
177 2210 402 2240 meesmi
429 2205 505 2243 apud
532 2205 590 2235 Des
611 2205 719 2235 ’ΝΟ-σεε
747 2207 820 2234 lettr.
837 2214 854 2242 p
881 2208 944 2238 ¹86.

127 2252 158 2285 k)
181 2251 202 2281 L
222 2249 259 2279 X.
277 2259 303 2286 p,
326 2259 335 2277 ι
347 2252 390 2278 16.
415 2245 563 2283 Inscriptio
581 2256 633 2282 pro
650 2247 749 2275 arteria
764 2244 913 2282 temporuli
930 2267 938 2278 2
962 2244 991 2273 in
1009 2244 1065 2273 offe
1082 2243 1209 2281 parietnli
1226 2243 1348 2274 TAiuN.
1364 2241 1473 2281 qlieogr.
1492 2248 1511 2272 t.
1527 2245 1552 2275 8.
1572 2241 1590 2271 f.
1607 2250 1634 2280 7.

85 2291 110 2320 A
123 2290 191 2321 vasis
215 2291 287 2320 adeo
309 2297 396 2318 tenue
415 2287 541 2316 cranium
552 2308 560 2321 ‚
578 2293 609 2315 ut
626 2295 700 2323 pene
715 2286 892 2324 perforatum
906 2285 981 2315 esset.
1008 2285 1085 2315 lom
1096 2283 1174 2322 praefi
1190 2284 1224 2315 T.
1240 2284 1293 2316 IX.

146 2367 307 2406 HALLER
340 2362 483 2412 Phyfiol.
516 2361 625 2399 Tom.
647 2364 749 2402 VIII.
782 2364 818 2401 P.
840 2363 866 2401 Ι.
1013 2345 1025 2355 ⁶
1094 2362 1142 2407 Q
1164 2375 1188 2412 q
