1955 2732
427 125 1302 200 SECTJVVITAFETUS.
1560 161 1643 219 ,³73

336 271 370 313 §-
404 266 543 307 XLIII.
605 267 798 314 Sanguinis
821 266 1016 315 peculiaris
1047 268 1085 304 in
1106 265 1188 316 fetu
1219 269 1397 305 circuitus.

189 357 244 397 Eo
272 360 472 397 accuratius
497 358 574 396 haec
597 358 731 395 debent
754 359 965 407 investigari
983 387 993 402 ‚
1024 370 1100 407 quo
1129 360 1282 406 majores
1311 359 1356 396 de
1377 358 1450 397 hoc
1475 358 1552 408 ipso
1574 362 1649 398 cir·

78 416 181 454 cuitu
208 414 377 453 diffensus
402 415 465 454 sub
496 416 598 452 initia
625 415 732 462 hujus
762 415 871 454 seculi
894 415 1044 453 fuerunt
1060 443 1070 457 ‚
1099 415 1162 453 etfi
1184 428 1284 455 nunc
1313 417 1368 453 vis
1393 417 1470 453 veri
1499 417 1642 457 videtur

79 470 309 522 praevaluisse.

192 552 237 590 Et
261 553 423 602 primum
442 580 452 596 ‚
486 554 645 590 maxima
665 565 745 602 pars
770 552 951 602 sanguinis
967 553 1080 595 fetus,
1113 564 1160 589 ex
1187 554 1324 588 arteriis
1352 553 1463 587 iliacis
1500 555 1538 586 in
1563 562 1644 587 um-

79 608 236 647 bilicales
262 610 364 653 exit,
397 621 557 660 cumque
574 608 656 659 ipfis
678 611 716 647 in
741 609 942 659 placentam
960 610 1073 644 fertur
1090 608 1138 649 a).

187 689 278 728 Haec
298 719 309 734 ,
342 697 384 729 ut
407 693 621 730 monuimus
638 691 676 737 h)
696 720 706 734 ,
739 691 839 726 causa
866 688 915 724 est
934 688 1118 737 parvitatis
1142 686 1256 736 pelvis
1275 714 1286 729 ‚
1321 697 1402 736 quae
1428 686 1477 723 est
1496 688 1532 724 in
1550 687 1643 731 fetu,

77 749 297 791 artuumque
319 747 546 781 inferiorum.

190 822 222 860 A
251 822 416 873 placenta
445 824 563 861 redux
592 824 733 874 sanguis
767 824 888 863 ausus
916 836 960 862 eo
982 823 1138 862 humore
1167 825 1322 862 nutritio
1347 852 1358 866 ,
1391 836 1501 873 quem
1527 831 1642 862 mater

78 879 169 918 fetui
192 880 256 917 suo
282 882 395 918 mittit
415 879 479 933 ⁶)st
511 878 605 920 r'edit
631 882 669 919 in
699 894 829 919 venam
854 881 1102 919 umbilicalem
1124 909 1134 924 ,
1168 893 1247 931 quae
1276 880 1457 929 sanguinis
1483 881 1535 919 sui
1561 893 1643 931 par-

78 943 154 973 tem
181 938 377 985 exiguam,
414 937 510 975 forte
535 937 726 987 septimam
743 938 807 983 d),
841 941 1021 976 continuo
1053 939 1090 975 in
1121 950 1251 975 venam
1283 950 1433 980 cavam,
1465 937 1528 975 sub
1569 937 1643 976 dia·

78 993 292 1041 phragmate
321 994 471 1042 quidem
492 1023 501 1036 ,
535 996 709 1043 proximo
735 1003 857 1032 tamen
885 1007 905 1032 a
934 995 1044 1032 corde
1074 990 1264 1032 intervallo
1293 995 1415 1030 mittit.

191 1073 234 1111 ln
258 1075 383 1111 avibus
406 1075 524 1112 multo
545 1077 661 1123 major
683 1089 772 1113 vena
793 1076 842 1113 est
857 1104 867 1118 ,
903 1088 983 1125 quae
1004 1077 1041 1112 in
1065 1088 1194 1113 venam
1213 1087 1337 1113 cavam
1360 1076 1466 1112 etiam
1487 1078 1640 1124 propius

79 1141 145 1182 cor
176 1129 209 1166 se
236 1129 391 1168 effundit
407 1132 464 1174 e),
500 1143 519 1168 a
545 1133 756 1169 membrana
779 1132 956 1170 vasculosa
977 1132 1071 1170 fetus
1094 1131 1258 1169 redeuns.
1321 1131 1490 1169 Humana
1520 1139 1642 1169 autem

79 1197 170 1224 vena
189 1187 353 1223 umbilici
372 1187 511 1224 duabus
536 1200 630 1236 pene
649 1191 818 1226 omnium
839 1188 1049 1226 animaIIum
1076 1189 1173 1226 venis
1196 1188 1400 1237 respondet.
1436 1187 1525 1226 Inde
1545 1188 1638 1238 pulli

80 1243 202 1280 avium
226 1241 337 1291 hepar
361 1271 370 1285 ,
403 1255 513 1292 quam
538 1244 716 1288 humani,
751 1246 848 1283 fetus>
867 1247 986 1283 minus
1000 1245 1047 1294 f)
1072 1246 1130 1283 est.

196 1321 360 1372 Reliquae
389 1324 448 1360 sex
476 1333 593 1374 partes
620 1325 800 1374 sanguinis
826 1339 843 1364 a
872 1327 1035 1376 placenta
1062 1327 1204 1365 reducis
1233 1327 1462 1364 circumeunt
1491 1337 1556 1374 per
1587 1338 1642 1364 ra-

80 1391 163 1416 mos
187 1378 374 1428 hepatIcos
387 1379 454 1427 g),
490 1384 554 1431 qui
582 1395 680 1420 nunc
706 1383 785 1420 sunt
810 1383 1027 1421 umbilicalis
1054 1396 1152 1421 venae
1179 1385 1425 1432 propagines,
1459 1382 1494 1419 ὃς
1516 1384 1581 1432 qui
1601 1385 1640 1420 in

80 1434 233 1473 homine
252 1436 379 1474 adulto
403 1437 486 1475 sunt
509 1451 610 1476 venae
631 1447 820 1488 portarum
840 1440 981 1478 lurculi.

191 1515 386 1566 Postquam
410 1530 498 1557 vero
522 1531 587 1569 per
608 1520 749 1570 hepatis
772 1533 922 1559 omnem
947 1522 1124 1560 ambitum
1149 1522 1176 1558 is
1199 1520 1340 1569 sanguis
1364 1518 1537 1568 dispersus
1563 1520 1612 1556 est
1627 1548 1637 1562 ,

81 1571 270 1621 colligitur
290 1574 387 1611 idem
416 1576 454 1612 in
483 1588 600 1613 ramos
624 1590 724 1615 venae
757 1589 850 1615 cavae
877 1577 1064 1626 hepaticos
1082 1607 1092 1621 ,
1126 1589 1285 1625 cumque
1312 1577 1482 1623 sanguine
1513 1576 1640 1612 ductus

81 1628 206 1667 venofi
220 1631 364 1674 unitus,
382 1643 447 1680 per
464 1632 719 1682 diaphragma,
747 1635 785 1670 in
804 1635 1013 1683 proximam
1027 1633 1225 1671 auriculam
1245 1633 1410 1673 dextram
1431 1631 1577 1669 advenit
1586 1632 1636 1675 h).

569 1747 602 1789 ἓ.
640 1743 780 1783 XLIV
841 1744 1014 1783 Foramen
1047 1745 1157 1783 ovale

194 1829 324 1880 Aliqua
351 1831 412 1869 hic
433 1844 488 1870 ex
519 1833 626 1883 pullis
652 1835 857 1884 gallinaceis
885 1843 1035 1886 oportet
1056 1843 1246 1886 repetere3
1276 1833 1373 1872 nulla
1403 1836 1500 1871 enIm
1530 1835 1642 1873 exstat

81 1885 128 1923 de
150 1888 267 1934 prima
295 1888 415 1925 cmdis
442 1890 480 1925 in
513 1891 746 1941 quadrupede
778 1893 911 1930 fabrica
940 1893 1156 1937 adnotatio,
1190 1893 1225 1929 δε
1251 1893 1313 1940 qui
1339 1891 1530 1940 scriptores
1565 1904 1638 1928 ma-

80 1943 233 2034 turesad
258 1943 332 1982 hoc
360 1956 454 1994 opus
478 1946 698 1987 accesserunt
714 1977 726 1993 ,
764 1950 808 1987 de
831 1949 908 1987 fetu
934 1949 1147 1999 scriplerunt
1171 1955 1328 2000 quatuor
1351 1975 1362 1991 ‚
1393 1948 1451 1985 vel
1477 1949 1641 1998 quinque

81 2009 169 2036 men
182 2011 272 2036 rum.

816 2061 847 2098 A
860 2073 877 2098 a
891 2072 909 2097 a
944 2070 963 2105 3
1522 2059 1633 2098 Nulla

123 2108 156 2144 a)
178 2105 208 2136 L.
223 2107 336 2138 XXIX.
351 2117 378 2145 p.
400 2117 467 2147 233.

122 2150 155 2186 h)
180 2147 210 2176 L.
224 2147 359 2178 XXVIII.
380 2158 407 2186 p.
425 2153 490 2186 164.

123 2190 152 2225 c)
175 2198 200 2225 p
225 2197 289 2223 252
309 2188 367 2226 sqq-

123 2229 160 2267 d)
180 2228 288 2259 nudus
308 2228 430 2259 venosus
452 2230 491 2260 est
515 2231 551 2262 ad
567 2241 669 2263 venam
686 2232 879 2263 umbilicalem
896 2233 1003 2265 ferent
1023 2232 1231 2265 100.vel121
1244 2234 1279 2264 ad
1290 2242 1355 2271 729
1372 2232 1403 2262 L
1407 2230 1516 2262 XXIII.
1531 2241 1559 2269 p
1566 2238 1642 2270 484.

123 2269 150 2305 e)
171 2271 238 2298 1'›r
240 2279 267 2299 n
283 2271 324 2298 du
338 2271 434 2307 poulet
445 2273 484 2301 ΙΙ.
500 2280 527 2309 Ρ.
540 2276 587 2306 68.

120 2308 158 2346 s)
180 2309 266 2338 Certo
289 2309 324 2339 fic
351 2309 455 2347 habet,
480 2312 528 2341 etii
553 2312 695 2344 mensuras
711 2323 771 2344 non
790 2315 862 2352 cepi.
900 2314 967 2344 Vidi
985 2322 1081 2347 tamen
1099 2315 1130 2344 ln
1148 2315 1230 2354 pullo
1246 2319 1332 2353 hepar
1353 2312 1439 2343 corde
1459 2312 1509 2342 diu
1529 2313 1633 2347 minue

83 2348 113 2379 in
128 2349 244 2378 homine
269 2349 380 2388 semper
403 2361 458 2388 maj
462 2362 494 2382 us
512 2352 577 2385 effe

122 2390 155 2427 g)
177 2389 460 2428 14·ΧΧ111-Ρ-484-

123 2429 157 2467 h)
178 2429 209 2460 L.
220 2429 267 2463 lv
281 2440 310 2469 p.
328 2440 396 2471 309.
