<?xml version="1.0" encoding="UTF-8"?>
<!DOCTYPE html PUBLIC "-//W3C//DTD XHTML 1.0 Transitional//EN"
    "http://www.w3.org/TR/xhtml1/DTD/xhtml1-transitional.dtd">
<html xmlns="http://www.w3.org/1999/xhtml" xml:lang="en" lang="en">
 <head>
  <title>
</title>
<meta http-equiv="Content-Type" content="text/html;charset=utf-8" />
  <meta name='ocr-system' content='tesseract 3.04.00' />
  <meta name='ocr-capabilities' content='ocr_page ocr_carea ocr_par ocr_line ocrx_word'/>
</head>
<body>
  <div class='ocr_page' id='page_1' title='image "./elementaphysiolo08hall_0314.png"; bbox 0 0 1955 2732; ppageno 0'>
   <div class='ocr_carea' id='block_1_1' title="bbox 305 102 1400 158">
    <p class='ocr_par' dir='ltr' id='par_1_1' title="bbox 305 102 1400 158">
     <span class='ocr_line' id='line_1_1' title="bbox 305 102 1400 158; baseline 0 -15"><span class='ocrx_word' id='word_1_1' title='bbox 305 110 389 150; x_wconf 76' lang='lat'>284</span> <span class='ocrx_word' id='word_1_2' title='bbox 636 155 638 158; x_wconf 10' lang='grc' dir='ltr'><em>Α</em></span> <span class='ocrx_word' id='word_1_3' title='bbox 785 102 880 142; x_wconf 78' lang='lat' dir='ltr'><em>LJB.</em></span> <span class='ocrx_word' id='word_1_4' title='bbox 913 102 1061 142; x_wconf 82' lang='lat' dir='ltr'><em>XXIX.</em></span> <span class='ocrx_word' id='word_1_5' title='bbox 1122 103 1150 142; x_wconf 80' lang='lat' dir='ltr'>F</span> <span class='ocrx_word' id='word_1_6' title='bbox 1179 102 1209 143; x_wconf 82' lang='lat' dir='ltr'>E</span> <span class='ocrx_word' id='word_1_7' title='bbox 1238 103 1273 142; x_wconf 89' lang='lat' dir='ltr'>T</span> <span class='ocrx_word' id='word_1_8' title='bbox 1302 103 1338 142; x_wconf 88' lang='lat' dir='ltr'><strong>U</strong></span> <span class='ocrx_word' id='word_1_9' title='bbox 1365 103 1400 143; x_wconf 79' lang='lat' dir='ltr'>s,</span> 
     </span>
    </p>
   </div>
   <div class='ocr_carea' id='block_1_2' title="bbox 308 202 1863 375">
    <p class='ocr_par' dir='ltr' id='par_1_2' title="bbox 308 202 1863 375">
     <span class='ocr_line' id='line_1_2' title="bbox 308 202 1862 260; baseline 0 -9"><span class='ocrx_word' id='word_1_10' title='bbox 308 211 467 251; x_wconf 84' lang='lat' dir='ltr'>auricula</span> <span class='ocrx_word' id='word_1_11' title='bbox 492 211 603 250; x_wconf 86' lang='lat' dir='ltr'>corde</span> <span class='ocrx_word' id='word_1_12' title='bbox 625 218 707 251; x_wconf 88' lang='lat' dir='ltr'>toto</span> <span class='ocrx_word' id='word_1_13' title='bbox 729 213 848 260; x_wconf 85' lang='lat' dir='ltr'>major</span> <span class='ocrx_word' id='word_1_14' title='bbox 874 211 959 249; x_wconf 83' lang='lat' dir='ltr'><strong>effet</strong></span> <span class='ocrx_word' id='word_1_15' title='bbox 971 214 1015 259; x_wconf 79' lang='lat' dir='ltr'>y)</span> <span class='ocrx_word' id='word_1_16' title='bbox 1032 240 1042 255; x_wconf 85' lang='lat'><strong>,</strong></span> <span class='ocrx_word' id='word_1_17' title='bbox 1073 212 1109 248; x_wconf 73' lang='grc' dir='ltr'>δε</span> <span class='ocrx_word' id='word_1_18' title='bbox 1130 214 1168 250; x_wconf 91' lang='lat' dir='ltr'>in</span> <span class='ocrx_word' id='word_1_19' title='bbox 1183 219 1311 250; x_wconf 87' lang='lat' dir='ltr'><strong>tenero</strong></span> <span class='ocrx_word' id='word_1_20' title='bbox 1335 210 1412 248; x_wconf 88' lang='lat' dir='ltr'><strong>fetu</strong></span> <span class='ocrx_word' id='word_1_21' title='bbox 1429 211 1567 248; x_wconf 85' lang='lat' dir='ltr'><strong>molem</strong></span> <span class='ocrx_word' id='word_1_22' title='bbox 1593 202 1761 251; x_wconf 69' lang='lat' dir='ltr'>auriculae*</span> <span class='ocrx_word' id='word_1_23' title='bbox 1776 225 1862 251; x_wconf 87' lang='lat' dir='ltr'>cum</span> 
     </span>
     <span class='ocr_line' id='line_1_3' title="bbox 310 267 1863 317; baseline 0.001 -11"><span class='ocrx_word' id='word_1_24' title='bbox 310 268 514 307; x_wconf 76' lang='lat' dir='ltr'>ventriculo</span> <span class='ocrx_word' id='word_1_25' title='bbox 529 268 665 306; x_wconf 84' lang='lat' dir='ltr'>sinistro</span> <span class='ocrx_word' id='word_1_26' title='bbox 687 268 764 306; x_wconf 89' lang='lat' dir='ltr'>solo</span> <span class='ocrx_word' id='word_1_27' title='bbox 784 277 907 306; x_wconf 84' lang='lat' dir='ltr'><strong>tamen</strong></span> <span class='ocrx_word' id='word_1_28' title='bbox 925 280 1010 305; x_wconf 86' lang='lat' dir='ltr'>cum</span> <span class='ocrx_word' id='word_1_29' title='bbox 1030 267 1154 317; x_wconf 87' lang='lat' dir='ltr'>aliquo</span> <span class='ocrx_word' id='word_1_30' title='bbox 1177 269 1301 306; x_wconf 77' lang='lat' dir='ltr'>favore</span> <span class='ocrx_word' id='word_1_31' title='bbox 1322 275 1606 317; x_wconf 80' lang='lat' dir='ltr'>compararunt,</span> <span class='ocrx_word' id='word_1_32' title='bbox 1631 269 1668 306; x_wconf 89' lang='lat'>&amp;</span> <span class='ocrx_word' id='word_1_33' title='bbox 1689 269 1734 307; x_wconf 91' lang='lat' dir='ltr'>de</span> <span class='ocrx_word' id='word_1_34' title='bbox 1751 269 1863 308; x_wconf 84' lang='lat' dir='ltr'>corde</span> 
     </span>
     <span class='ocr_line' id='line_1_4' title="bbox 310 325 1252 375; baseline 0 -13"><span class='ocrx_word' id='word_1_35' title='bbox 310 325 403 375; x_wconf 85' lang='lat' dir='ltr'>pulli</span> <span class='ocrx_word' id='word_1_36' title='bbox 428 327 574 373; x_wconf 71' lang='lat' dir='ltr'>jamjam</span> <span class='ocrx_word' id='word_1_37' title='bbox 598 325 731 363; x_wconf 69' lang='lat' dir='ltr'>exclusi</span> <span class='ocrx_word' id='word_1_38' title='bbox 758 325 946 362; x_wconf 69' lang='lat' dir='ltr'>manifesto</span> <span class='ocrx_word' id='word_1_39' title='bbox 967 326 1073 361; x_wconf 86' lang='lat' dir='ltr'>nimii</span> <span class='ocrx_word' id='word_1_40' title='bbox 1096 326 1252 363; x_wconf 68' lang='lat' dir='ltr'><strong>filerunt.</strong></span> 
     </span>
    </p>
   </div>
   <div class='ocr_carea' id='block_1_3' title="bbox 311 404 1889 1020">
    <p class='ocr_par' dir='ltr' id='par_1_3' title="bbox 311 404 1889 1020">
     <span class='ocr_line' id='line_1_5' title="bbox 427 404 1860 454; baseline 0 -10"><span class='ocrx_word' id='word_1_41' title='bbox 427 407 502 452; x_wconf 76' lang='lat' dir='ltr'>Qui</span> <span class='ocrx_word' id='word_1_42' title='bbox 547 409 585 444; x_wconf 87' lang='lat' dir='ltr'>in</span> <span class='ocrx_word' id='word_1_43' title='bbox 619 407 737 444; x_wconf 90' lang='lat' dir='ltr'>bestiis</span> <span class='ocrx_word' id='word_1_44' title='bbox 768 418 854 444; x_wconf 89' lang='lat' dir='ltr'>cum</span> <span class='ocrx_word' id='word_1_45' title='bbox 884 405 998 443; x_wconf 77' lang='lat' dir='ltr'>adulti</span> <span class='ocrx_word' id='word_1_46' title='bbox 1036 406 1148 444; x_wconf 83' lang='lat' dir='ltr'>corde</span> <span class='ocrx_word' id='word_1_47' title='bbox 1185 418 1250 444; x_wconf 89' lang='lat' dir='ltr'>cor</span> <span class='ocrx_word' id='word_1_48' title='bbox 1281 407 1375 443; x_wconf 84' lang='lat' dir='ltr'>fetus</span> <span class='ocrx_word' id='word_1_49' title='bbox 1406 406 1631 454; x_wconf 80' lang='lat' dir='ltr'>comparavit</span> <span class='ocrx_word' id='word_1_50' title='bbox 1673 404 1860 444; x_wconf 60' lang='lat' dir='ltr'>Efficimus</span> 
     </span>
     <span class='ocr_line' id='line_1_6' title="bbox 315 461 1860 511; baseline -0.002 -9"><span class='ocrx_word' id='word_1_51' title='bbox 315 461 602 509; x_wconf 54' lang='lat' dir='ltr'>Romnsoxsz),</span> <span class='ocrx_word' id='word_1_52' title='bbox 617 464 654 500; x_wconf 90' lang='lat' dir='ltr'>in</span> <span class='ocrx_word' id='word_1_53' title='bbox 679 462 795 500; x_wconf 77' lang='lat' dir='ltr'>vitulo</span> <span class='ocrx_word' id='word_1_54' title='bbox 822 463 990 499; x_wconf 78' lang='lat' dir='ltr'>abortivo</span> <span class='ocrx_word' id='word_1_55' title='bbox 1012 465 1147 511; x_wconf 84' lang='lat' dir='ltr'><strong>reperit</strong></span> <span class='ocrx_word' id='word_1_56' title='bbox 1169 475 1234 500; x_wconf 87' lang='lat' dir='ltr'>cor</span> <span class='ocrx_word' id='word_1_57' title='bbox 1254 463 1287 500; x_wconf 90' lang='lat' dir='ltr'>se</span> <span class='ocrx_word' id='word_1_58' title='bbox 1309 461 1467 499; x_wconf 77' lang='lat' dir='ltr'>habuisse</span> <span class='ocrx_word' id='word_1_59' title='bbox 1490 462 1534 499; x_wconf 82' lang='lat' dir='ltr'>ad</span> <span class='ocrx_word' id='word_1_60' title='bbox 1554 462 1761 499; x_wconf 77' lang='lat' dir='ltr'><strong>universum</strong></span> <span class='ocrx_word' id='word_1_61' title='bbox 1779 474 1860 499; x_wconf 85' lang='lat' dir='ltr'>cor-</span> 
     </span>
     <span class='ocr_line' id='line_1_7' title="bbox 313 519 1889 570; baseline -0.001 -13"><span class='ocrx_word' id='word_1_62' title='bbox 313 532 383 570; x_wconf 88' lang='lat' dir='ltr'>pus</span> <span class='ocrx_word' id='word_1_63' title='bbox 416 528 457 557; x_wconf 87' lang='lat' dir='ltr'>ut</span> <span class='ocrx_word' id='word_1_64' title='bbox 495 526 614 562; x_wconf 75' lang='lat'>2628.</span> <span class='ocrx_word' id='word_1_65' title='bbox 637 519 681 556; x_wconf 85' lang='lat' dir='ltr'>ad</span> <span class='ocrx_word' id='word_1_66' title='bbox 703 525 881 566; x_wconf 76' lang='lat'>427488.</span> <span class='ocrx_word' id='word_1_67' title='bbox 905 520 943 555; x_wconf 89' lang='lat' dir='ltr'>in</span> <span class='ocrx_word' id='word_1_68' title='bbox 970 531 1077 556; x_wconf 78' lang='lat' dir='ltr'>vacca</span> <span class='ocrx_word' id='word_1_69' title='bbox 1099 519 1220 557; x_wconf 77' lang='lat' dir='ltr'>adulta</span> <span class='ocrx_word' id='word_1_70' title='bbox 1244 526 1285 557; x_wconf 88' lang='lat' dir='ltr'>ut</span> <span class='ocrx_word' id='word_1_71' title='bbox 1307 526 1452 564; x_wconf 77' lang='lat'>24528.</span> <span class='ocrx_word' id='word_1_72' title='bbox 1470 519 1515 555; x_wconf 83' lang='lat' dir='ltr'>ad</span> <span class='ocrx_word' id='word_1_73' title='bbox 1536 524 1654 564; x_wconf 82' lang='lat'>6461.</span> <span class='ocrx_word' id='word_1_74' title='bbox 1677 525 1764 564; x_wconf 82' lang='lat'><strong>376.</strong></span> <span class='ocrx_word' id='word_1_75' title='bbox 1783 530 1863 568; x_wconf 76' lang='lat' dir='ltr'>quae</span> <span class='ocrx_word' id='word_1_76' title='bbox 1879 565 1889 567; x_wconf 55' lang='lat'><strong><em>,</em></strong></span> 
     </span>
     <span class='ocr_line' id='line_1_8' title="bbox 312 575 1863 625; baseline -0.001 -12"><span class='ocrx_word' id='word_1_77' title='bbox 312 577 470 613; x_wconf 78' lang='lat' dir='ltr'>rationes</span> <span class='ocrx_word' id='word_1_78' title='bbox 498 576 531 613; x_wconf 86' lang='lat' dir='ltr'>se</span> <span class='ocrx_word' id='word_1_79' title='bbox 558 576 692 613; x_wconf 80' lang='lat' dir='ltr'><strong>habent</strong></span> <span class='ocrx_word' id='word_1_80' title='bbox 719 583 760 613; x_wconf 85' lang='lat' dir='ltr'>ut</span> <span class='ocrx_word' id='word_1_81' title='bbox 793 587 879 620; x_wconf 85' lang='lat'><em>159.</em></span> <span class='ocrx_word' id='word_1_82' title='bbox 907 575 950 612; x_wconf 84' lang='lat' dir='ltr'>ad</span> <span class='ocrx_word' id='word_1_83' title='bbox 980 583 1068 619; x_wconf 79' lang='lat'>269.</span> <span class='ocrx_word' id='word_1_84' title='bbox 1094 578 1130 613; x_wconf 91' lang='lat' dir='ltr'>in</span> <span class='ocrx_word' id='word_1_85' title='bbox 1154 588 1225 625; x_wconf 83' lang='lat' dir='ltr'>qua</span> <span class='ocrx_word' id='word_1_86' title='bbox 1252 577 1393 612; x_wconf 81' lang='lat' dir='ltr'>ratione</span> <span class='ocrx_word' id='word_1_87' title='bbox 1418 577 1526 612; x_wconf 69' lang='lat' dir='ltr'>etiam</span> <span class='ocrx_word' id='word_1_88' title='bbox 1552 587 1616 612; x_wconf 89' lang='lat' dir='ltr'>cor</span> <span class='ocrx_word' id='word_1_89' title='bbox 1638 575 1753 616; x_wconf 85' lang='lat' dir='ltr'>fetus,</span> <span class='ocrx_word' id='word_1_90' title='bbox 1781 586 1863 612; x_wconf 89' lang='lat' dir='ltr'>cor-</span> 
     </span>
     <span class='ocr_line' id='line_1_9' title="bbox 314 631 1862 681; baseline -0.001 -12"><span class='ocrx_word' id='word_1_91' title='bbox 314 632 359 669; x_wconf 86' lang='lat' dir='ltr'>de</span> <span class='ocrx_word' id='word_1_92' title='bbox 387 632 498 670; x_wconf 76' lang='lat' dir='ltr'>adulti</span> <span class='ocrx_word' id='word_1_93' title='bbox 517 633 698 675; x_wconf 67' lang='lat' dir='ltr'>animalis,</span> <span class='ocrx_word' id='word_1_94' title='bbox 715 644 784 681; x_wconf 80' lang='lat' dir='ltr'>pro</span> <span class='ocrx_word' id='word_1_95' title='bbox 810 633 983 681; x_wconf 81' lang='lat' dir='ltr'>portione</span> <span class='ocrx_word' id='word_1_96' title='bbox 1006 634 1121 680; x_wconf 77' lang='lat' dir='ltr'>majus</span> <span class='ocrx_word' id='word_1_97' title='bbox 1151 633 1200 670; x_wconf 90' lang='lat' dir='ltr'>est</span> <span class='ocrx_word' id='word_1_98' title='bbox 1219 661 1229 675; x_wconf 91' lang='lat'>,</span> <span class='ocrx_word' id='word_1_99' title='bbox 1263 633 1428 681; x_wconf 79' lang='lat' dir='ltr'>adeoque</span> <span class='ocrx_word' id='word_1_100' title='bbox 1450 643 1515 669; x_wconf 88' lang='lat' dir='ltr'>cor</span> <span class='ocrx_word' id='word_1_101' title='bbox 1537 632 1572 667; x_wconf 90' lang='lat' dir='ltr'>in</span> <span class='ocrx_word' id='word_1_102' title='bbox 1597 631 1695 673; x_wconf 83' lang='lat' dir='ltr'><strong>fetu,</strong></span> <span class='ocrx_word' id='word_1_103' title='bbox 1727 631 1772 667; x_wconf 88' lang='lat' dir='ltr'>ad</span> <span class='ocrx_word' id='word_1_104' title='bbox 1797 643 1862 668; x_wconf 83' lang='lat' dir='ltr'>cor</span> 
     </span>
     <span class='ocr_line' id='line_1_10' title="bbox 313 687 1862 738; baseline -0.001 -12"><span class='ocrx_word' id='word_1_105' title='bbox 313 690 350 726; x_wconf 90' lang='lat' dir='ltr'>in</span> <span class='ocrx_word' id='word_1_106' title='bbox 374 689 499 726; x_wconf 74' lang='lat' dir='ltr'>adulto</span> <span class='ocrx_word' id='word_1_107' title='bbox 525 689 557 726; x_wconf 84' lang='lat' dir='ltr'>se</span> <span class='ocrx_word' id='word_1_108' title='bbox 584 689 715 732; x_wconf 80' lang='lat' dir='ltr'><strong>habet,</strong></span> <span class='ocrx_word' id='word_1_109' title='bbox 749 696 790 726; x_wconf 85' lang='lat' dir='ltr'>ut</span> <span class='ocrx_word' id='word_1_110' title='bbox 817 695 877 725; x_wconf 82' lang='lat'>26.</span> <span class='ocrx_word' id='word_1_111' title='bbox 900 688 944 725; x_wconf 85' lang='lat' dir='ltr'>ad</span> <span class='ocrx_word' id='word_1_112' title='bbox 973 700 1030 734; x_wconf 84' lang='lat'>15.</span> <span class='ocrx_word' id='word_1_113' title='bbox 1057 701 1189 738; x_wconf 81' lang='lat' dir='ltr'><strong>nempe</strong></span> <span class='ocrx_word' id='word_1_114' title='bbox 1209 696 1250 726; x_wconf 85' lang='lat' dir='ltr'>ut</span> <span class='ocrx_word' id='word_1_115' title='bbox 1280 700 1309 734; x_wconf 90' lang='lat'>5.</span> <span class='ocrx_word' id='word_1_116' title='bbox 1333 687 1375 724; x_wconf 86' lang='lat' dir='ltr'>ad</span> <span class='ocrx_word' id='word_1_117' title='bbox 1401 699 1431 732; x_wconf 85' lang='lat'>3.</span> <span class='ocrx_word' id='word_1_118' title='bbox 1455 717 1464 731; x_wconf 87' lang='lat'>‚</span> <span class='ocrx_word' id='word_1_119' title='bbox 1503 687 1560 724; x_wconf 87' lang='lat' dir='ltr'><strong>vel</strong></span> <span class='ocrx_word' id='word_1_120' title='bbox 1584 689 1622 723; x_wconf 91' lang='lat' dir='ltr'>in</span> <span class='ocrx_word' id='word_1_121' title='bbox 1648 687 1798 724; x_wconf 89' lang='lat' dir='ltr'>homine</span> <span class='ocrx_word' id='word_1_122' title='bbox 1820 694 1862 725; x_wconf 89' lang='lat' dir='ltr'>ut</span> 
     </span>
     <span class='ocr_line' id='line_1_11' title="bbox 318 742 1862 789; baseline 0 -8"><span class='ocrx_word' id='word_1_123' title='bbox 318 756 349 789; x_wconf 25' lang='lat'>3*</span> <span class='ocrx_word' id='word_1_124' title='bbox 364 745 408 782; x_wconf 78' lang='lat' dir='ltr'>ad</span> <span class='ocrx_word' id='word_1_125' title='bbox 423 756 454 783; x_wconf 89' lang='lat'>2.</span> <span class='ocrx_word' id='word_1_126' title='bbox 476 745 580 783; x_wconf 68' lang='lat' dir='ltr'>Imm</span> <span class='ocrx_word' id='word_1_127' title='bbox 596 744 643 789; x_wconf 78' lang='lat' dir='ltr'>a).</span> <span class='ocrx_word' id='word_1_128' title='bbox 688 745 801 783; x_wconf 83' lang='lat' dir='ltr'>Aliter</span> <span class='ocrx_word' id='word_1_129' title='bbox 827 744 881 782; x_wconf 87' lang='lat' dir='ltr'>Cl.</span> <span class='ocrx_word' id='word_1_130' title='bbox 901 744 975 782; x_wconf 70' lang='lat' dir='ltr'>SAu</span> <span class='ocrx_word' id='word_1_131' title='bbox 985 757 1107 782; x_wconf 79' lang='lat' dir='ltr'>VAGES</span> <span class='ocrx_word' id='word_1_132' title='bbox 1124 744 1184 789; x_wconf 81' lang='lat' dir='ltr'>h),</span> <span class='ocrx_word' id='word_1_133' title='bbox 1212 757 1277 783; x_wconf 89' lang='lat' dir='ltr'>cor</span> <span class='ocrx_word' id='word_1_134' title='bbox 1299 745 1393 782; x_wconf 85' lang='lat' dir='ltr'><strong>fetus</strong></span> <span class='ocrx_word' id='word_1_135' title='bbox 1419 744 1463 781; x_wconf 84' lang='lat' dir='ltr'>ad</span> <span class='ocrx_word' id='word_1_136' title='bbox 1486 756 1550 782; x_wconf 91' lang='lat' dir='ltr'>cor</span> <span class='ocrx_word' id='word_1_137' title='bbox 1575 742 1689 780; x_wconf 78' lang='lat' dir='ltr'>adulti</span> <span class='ocrx_word' id='word_1_138' title='bbox 1711 743 1795 781; x_wconf 88' lang='lat' dir='ltr'>fecit</span> <span class='ocrx_word' id='word_1_139' title='bbox 1820 750 1862 781; x_wconf 85' lang='lat' dir='ltr'>ut</span> 
     </span>
     <span class='ocr_line' id='line_1_12' title="bbox 314 800 1860 844; baseline -0.001 -6"><span class='ocrx_word' id='word_1_140' title='bbox 314 809 348 838; x_wconf 85' lang='lat'>6.</span> <span class='ocrx_word' id='word_1_141' title='bbox 370 809 430 844; x_wconf 86' lang='lat'>80.</span> <span class='ocrx_word' id='word_1_142' title='bbox 480 801 592 840; x_wconf 88' lang='lat' dir='ltr'>Nunc</span> <span class='ocrx_word' id='word_1_143' title='bbox 610 814 695 840; x_wconf 90' lang='lat' dir='ltr'>cum</span> <span class='ocrx_word' id='word_1_144' title='bbox 717 813 781 839; x_wconf 86' lang='lat' dir='ltr'>cor</span> <span class='ocrx_word' id='word_1_145' title='bbox 800 801 912 838; x_wconf 83' lang='lat' dir='ltr'>adulti</span> <span class='ocrx_word' id='word_1_146' title='bbox 933 800 974 838; x_wconf 83' lang='lat' dir='ltr'>sit</span> <span class='ocrx_word' id='word_1_147' title='bbox 1004 813 1061 839; x_wconf 83' lang='lat'>12.</span> <span class='ocrx_word' id='word_1_148' title='bbox 1078 814 1160 840; x_wconf 89' lang='lat' dir='ltr'>unc.</span> <span class='ocrx_word' id='word_1_149' title='bbox 1186 802 1221 838; x_wconf 72' lang='grc' dir='ltr'>δε</span> <span class='ocrx_word' id='word_1_150' title='bbox 1247 813 1311 839; x_wconf 87' lang='lat' dir='ltr'>cor</span> <span class='ocrx_word' id='word_1_151' title='bbox 1334 801 1427 838; x_wconf 77' lang='lat' dir='ltr'><strong>fetus</strong></span> <span class='ocrx_word' id='word_1_152' title='bbox 1450 800 1484 837; x_wconf 82' lang='lat' dir='ltr'>se</span> <span class='ocrx_word' id='word_1_153' title='bbox 1505 800 1551 838; x_wconf 82' lang='lat' dir='ltr'>ad</span> <span class='ocrx_word' id='word_1_154' title='bbox 1569 811 1623 836; x_wconf 86' lang='lat' dir='ltr'>eas</span> <span class='ocrx_word' id='word_1_155' title='bbox 1656 810 1712 836; x_wconf 90' lang='lat'>12.</span> <span class='ocrx_word' id='word_1_156' title='bbox 1737 801 1860 837; x_wconf 84' lang='lat' dir='ltr'>uncias</span> 
     </span>
     <span class='ocr_line' id='line_1_13' title="bbox 311 857 1860 909; baseline -0.001 -14"><span class='ocrx_word' id='word_1_157' title='bbox 311 858 479 901; x_wconf 80' lang='lat' dir='ltr'>habeat‚·</span> <span class='ocrx_word' id='word_1_158' title='bbox 497 866 538 896; x_wconf 88' lang='lat' dir='ltr'>ut</span> <span class='ocrx_word' id='word_1_159' title='bbox 560 865 593 895; x_wconf 87' lang='lat'>6.</span> <span class='ocrx_word' id='word_1_160' title='bbox 613 857 657 895; x_wconf 91' lang='lat' dir='ltr'>ad</span> <span class='ocrx_word' id='word_1_161' title='bbox 679 865 739 901; x_wconf 87' lang='lat'>80.</span> <span class='ocrx_word' id='word_1_162' title='bbox 763 869 828 906; x_wconf 83' lang='lat' dir='ltr'>per</span> <span class='ocrx_word' id='word_1_163' title='bbox 851 857 1080 907; x_wconf 77' lang='lat' dir='ltr'><strong>hypothefin,</strong></span> <span class='ocrx_word' id='word_1_164' title='bbox 1095 860 1163 895; x_wconf 86' lang='lat' dir='ltr'>erit</span> <span class='ocrx_word' id='word_1_165' title='bbox 1189 870 1253 895; x_wconf 89' lang='lat' dir='ltr'>cor</span> <span class='ocrx_word' id='word_1_166' title='bbox 1278 857 1370 895; x_wconf 85' lang='lat' dir='ltr'>fetus</span> <span class='ocrx_word' id='word_1_167' title='bbox 1397 861 1431 909; x_wconf 53' lang='grc' dir='ltr'>ἐξ</span> <span class='ocrx_word' id='word_1_168' title='bbox 1447 857 1556 906; x_wconf 76' lang='lat' dir='ltr'>paulo</span> <span class='ocrx_word' id='word_1_169' title='bbox 1585 857 1706 893; x_wconf 85' lang='lat' dir='ltr'>minus</span> <span class='ocrx_word' id='word_1_170' title='bbox 1727 868 1860 904; x_wconf 84' lang='lat' dir='ltr'><strong>nempe</strong></span> 
     </span>
     <span class='ocr_line' id='line_1_14' title="bbox 311 912 1860 964; baseline -0.001 -13"><span class='ocrx_word' id='word_1_171' title='bbox 311 914 487 964; x_wconf 83' lang='lat' dir='ltr'><strong>pendebit</strong></span> <span class='ocrx_word' id='word_1_172' title='bbox 511 926 620 963; x_wconf 87' lang='lat' dir='ltr'>quam</span> <span class='ocrx_word' id='word_1_173' title='bbox 646 916 801 951; x_wconf 83' lang='lat' dir='ltr'>unciam.</span> <span class='ocrx_word' id='word_1_174' title='bbox 839 913 988 963; x_wconf 74' lang='lat' dir='ltr'>Eritque</span> <span class='ocrx_word' id='word_1_175' title='bbox 1020 926 1084 951; x_wconf 85' lang='lat' dir='ltr'>cor</span> <span class='ocrx_word' id='word_1_176' title='bbox 1113 914 1224 951; x_wconf 87' lang='lat' dir='ltr'>adulti</span> <span class='ocrx_word' id='word_1_177' title='bbox 1244 926 1322 963; x_wconf 78' lang='lat' dir='ltr'>pars</span> <span class='ocrx_word' id='word_1_178' title='bbox 1349 920 1475 950; x_wconf 77' lang='lat' dir='ltr'><strong>200ma</strong></span> <span class='ocrx_word' id='word_1_179' title='bbox 1496 912 1668 962; x_wconf 87' lang='lat' dir='ltr'>ponderis</span> <span class='ocrx_word' id='word_1_180' title='bbox 1695 914 1860 961; x_wconf 87' lang='lat' dir='ltr'>corporis</span> 
     </span>
     <span class='ocr_line' id='line_1_15' title="bbox 311 966 1858 1020; baseline -0.003 -12"><span class='ocrx_word' id='word_1_181' title='bbox 311 971 363 1009; x_wconf 87' lang='lat' dir='ltr'>sui</span> <span class='ocrx_word' id='word_1_182' title='bbox 393 972 558 1020; x_wconf 83' lang='lat' dir='ltr'>proprii,</span> <span class='ocrx_word' id='word_1_183' title='bbox 590 983 655 1009; x_wconf 90' lang='lat' dir='ltr'>cor</span> <span class='ocrx_word' id='word_1_184' title='bbox 687 983 775 1009; x_wconf 86' lang='lat' dir='ltr'><strong>vero</strong></span> <span class='ocrx_word' id='word_1_185' title='bbox 796 970 891 1009; x_wconf 85' lang='lat' dir='ltr'><strong>fetus</strong></span> <span class='ocrx_word' id='word_1_186' title='bbox 916 982 997 1020; x_wconf 84' lang='lat' dir='ltr'>pars</span> <span class='ocrx_word' id='word_1_187' title='bbox 1027 977 1146 1014; x_wconf 68' lang='lat' dir='ltr'>30ma‚</span> <span class='ocrx_word' id='word_1_188' title='bbox 1169 982 1303 1020; x_wconf 86' lang='lat' dir='ltr'>nempe</span> <span class='ocrx_word' id='word_1_189' title='bbox 1322 969 1356 1007; x_wconf 81' lang='lat' dir='ltr'>se</span> <span class='ocrx_word' id='word_1_190' title='bbox 1382 969 1528 1007; x_wconf 79' lang='lat' dir='ltr'>habebit</span> <span class='ocrx_word' id='word_1_191' title='bbox 1554 968 1598 1008; x_wconf 87' lang='lat' dir='ltr'>ad</span> <span class='ocrx_word' id='word_1_192' title='bbox 1628 980 1694 1006; x_wconf 85' lang='lat' dir='ltr'>cor</span> <span class='ocrx_word' id='word_1_193' title='bbox 1719 966 1858 1012; x_wconf 84' lang='lat' dir='ltr'>adulti,</span> 
     </span>
    </p>
   </div>
   <div class='ocr_carea' id='block_1_4' title="bbox 311 1027 535 1074">
    <p class='ocr_par' dir='ltr' id='par_1_4' title="bbox 311 1027 535 1074">
     <span class='ocr_line' id='line_1_16' title="bbox 311 1027 535 1074; baseline -0.009 -8"><span class='ocrx_word' id='word_1_194' title='bbox 311 1034 353 1066; x_wconf 88' lang='lat' dir='ltr'>ut</span> <span class='ocrx_word' id='word_1_195' title='bbox 381 1039 412 1074; x_wconf 88' lang='lat'>5.</span> <span class='ocrx_word' id='word_1_196' title='bbox 435 1027 480 1064; x_wconf 84' lang='lat' dir='ltr'>ad</span> <span class='ocrx_word' id='word_1_197' title='bbox 502 1038 535 1066; x_wconf 87' lang='lat'>2.</span> 
     </span>
    </p>
   </div>
   <div class='ocr_carea' id='block_1_5' title="bbox 308 1105 1860 1385">
    <p class='ocr_par' dir='ltr' id='par_1_5' title="bbox 308 1105 1860 1385">
     <span class='ocr_line' id='line_1_17' title="bbox 425 1105 1860 1157; baseline -0.002 -10"><span class='ocrx_word' id='word_1_198' title='bbox 425 1108 502 1147; x_wconf 87' lang='lat' dir='ltr'>Cor</span> <span class='ocrx_word' id='word_1_199' title='bbox 517 1108 611 1147; x_wconf 86' lang='lat' dir='ltr'><strong>fetus</strong></span> <span class='ocrx_word' id='word_1_200' title='bbox 624 1108 814 1157; x_wconf 84' lang='lat' dir='ltr'>gallinacei</span> <span class='ocrx_word' id='word_1_201' title='bbox 832 1107 932 1145; x_wconf 80' lang='lat' dir='ltr'>horae</span> <span class='ocrx_word' id='word_1_202' title='bbox 954 1120 967 1144; x_wconf 94' lang='lat'>1</span> <span class='ocrx_word' id='word_1_203' title='bbox 979 1118 1039 1145; x_wconf 85' lang='lat'>20.</span> <span class='ocrx_word' id='word_1_204' title='bbox 1062 1107 1112 1144; x_wconf 85' lang='lat' dir='ltr'>est</span> <span class='ocrx_word' id='word_1_205' title='bbox 1137 1106 1182 1145; x_wconf 92' lang='lat' dir='ltr'>ad</span> <span class='ocrx_word' id='word_1_206' title='bbox 1199 1119 1334 1156; x_wconf 89' lang='lat' dir='ltr'>corpus</span> <span class='ocrx_word' id='word_1_207' title='bbox 1351 1106 1453 1145; x_wconf 90' lang='lat' dir='ltr'><strong>suum</strong></span> <span class='ocrx_word' id='word_1_208' title='bbox 1474 1113 1516 1145; x_wconf 90' lang='lat' dir='ltr'>ut</span> <span class='ocrx_word' id='word_1_209' title='bbox 1541 1118 1554 1143; x_wconf 91' lang='lat'>1</span> <span class='ocrx_word' id='word_1_210' title='bbox 1566 1105 1615 1144; x_wconf 84' lang='lat'>2³.</span> <span class='ocrx_word' id='word_1_211' title='bbox 1636 1106 1715 1153; x_wconf 85' lang='lat'>75³.</span> <span class='ocrx_word' id='word_1_212' title='bbox 1734 1105 1860 1144; x_wconf 82' lang='lat' dir='ltr'>habito</span> 
     </span>
     <span class='ocr_line' id='line_1_18' title="bbox 311 1162 1860 1215; baseline -0.003 -11"><span class='ocrx_word' id='word_1_213' title='bbox 311 1173 471 1215; x_wconf 88' lang='lat' dir='ltr'>utroque</span> <span class='ocrx_word' id='word_1_214' title='bbox 485 1166 596 1203; x_wconf 84' lang='lat' dir='ltr'>corde</span> <span class='ocrx_word' id='word_1_215' title='bbox 611 1177 680 1214; x_wconf 90' lang='lat' dir='ltr'>pro</span> <span class='ocrx_word' id='word_1_216' title='bbox 693 1177 851 1214; x_wconf 88' lang='lat' dir='ltr'>corpore</span> <span class='ocrx_word' id='word_1_217' title='bbox 873 1164 990 1208; x_wconf 80' lang='lat' dir='ltr'>simili,</span> <span class='ocrx_word' id='word_1_218' title='bbox 1009 1162 1071 1202; x_wconf 84' lang='lat' dir='ltr'>etsi</span> <span class='ocrx_word' id='word_1_219' title='bbox 1090 1176 1168 1201; x_wconf 88' lang='lat' dir='ltr'>non</span> <span class='ocrx_word' id='word_1_220' title='bbox 1183 1164 1232 1202; x_wconf 88' lang='lat' dir='ltr'>est</span> <span class='ocrx_word' id='word_1_221' title='bbox 1247 1192 1257 1207; x_wconf 88' lang='lat'>,</span> <span class='ocrx_word' id='word_1_222' title='bbox 1285 1176 1404 1214; x_wconf 89' lang='lat' dir='ltr'><strong>neque</strong></span> <span class='ocrx_word' id='word_1_223' title='bbox 1427 1165 1523 1202; x_wconf 89' lang='lat' dir='ltr'><strong>enim</strong></span> <span class='ocrx_word' id='word_1_224' title='bbox 1543 1163 1604 1200; x_wconf 83' lang='lat' dir='ltr'>hic</span> <span class='ocrx_word' id='word_1_225' title='bbox 1624 1164 1700 1200; x_wconf 89' lang='lat' dir='ltr'>veri</span> <span class='ocrx_word' id='word_1_226' title='bbox 1716 1163 1860 1201; x_wconf 90' lang='lat' dir='ltr'><strong>numeri</strong></span> 
     </span>
     <span class='ocr_line' id='line_1_19' title="bbox 311 1219 1860 1271; baseline -0.003 -11"><span class='ocrx_word' id='word_1_227' title='bbox 311 1229 531 1271; x_wconf 69' lang='lat' dir='ltr'><strong>quaeruntur.</strong></span> <span class='ocrx_word' id='word_1_228' title='bbox 580 1221 656 1260; x_wconf 85' lang='lat' dir='ltr'>Cor</span> <span class='ocrx_word' id='word_1_229' title='bbox 672 1221 785 1259; x_wconf 77' lang='lat' dir='ltr'>adulti</span> <span class='ocrx_word' id='word_1_230' title='bbox 801 1221 960 1259; x_wconf 85' lang='lat' dir='ltr'>hominis</span> <span class='ocrx_word' id='word_1_231' title='bbox 977 1222 1026 1259; x_wconf 87' lang='lat' dir='ltr'>est</span> <span class='ocrx_word' id='word_1_232' title='bbox 1039 1220 1084 1257; x_wconf 90' lang='lat' dir='ltr'>ad</span> <span class='ocrx_word' id='word_1_233' title='bbox 1098 1220 1201 1258; x_wconf 85' lang='lat' dir='ltr'><strong>suum</strong></span> <span class='ocrx_word' id='word_1_234' title='bbox 1216 1232 1350 1269; x_wconf 85' lang='lat' dir='ltr'>corpus</span> <span class='ocrx_word' id='word_1_235' title='bbox 1363 1248 1373 1263; x_wconf 86' lang='lat'>‚</span> <span class='ocrx_word' id='word_1_236' title='bbox 1406 1228 1448 1258; x_wconf 91' lang='lat' dir='ltr'>ut</span> <span class='ocrx_word' id='word_1_237' title='bbox 1472 1232 1486 1256; x_wconf 95' lang='lat'>1</span> <span class='ocrx_word' id='word_1_238' title='bbox 1497 1230 1530 1257; x_wconf 90' lang='lat'>2.</span> <span class='ocrx_word' id='word_1_239' title='bbox 1553 1219 1596 1256; x_wconf 80' lang='lat' dir='ltr'>ad</span> <span class='ocrx_word' id='word_1_240' title='bbox 1620 1226 1706 1262; x_wconf 85' lang='lat'>800.</span> <span class='ocrx_word' id='word_1_241' title='bbox 1723 1231 1787 1268; x_wconf 88' lang='lat' dir='ltr'>per</span> <span class='ocrx_word' id='word_1_242' title='bbox 1802 1230 1860 1256; x_wconf 86' lang='lat' dir='ltr'><strong>ea-</strong></span> 
     </span>
     <span class='ocr_line' id='line_1_20' title="bbox 310 1274 1859 1332; baseline -0.003 -16"><span class='ocrx_word' id='word_1_243' title='bbox 310 1279 405 1317; x_wconf 83' lang='lat' dir='ltr'><strong>dem.</strong></span> <span class='ocrx_word' id='word_1_244' title='bbox 453 1278 511 1317; x_wconf 82' lang='lat' dir='ltr'>Eae</span> <span class='ocrx_word' id='word_1_245' title='bbox 530 1279 687 1316; x_wconf 88' lang='lat' dir='ltr'>rationes</span> <span class='ocrx_word' id='word_1_246' title='bbox 709 1279 790 1316; x_wconf 84' lang='lat' dir='ltr'><strong>sunt</strong></span> <span class='ocrx_word' id='word_1_247' title='bbox 812 1286 853 1316; x_wconf 86' lang='lat' dir='ltr'>ut</span> <span class='ocrx_word' id='word_1_248' title='bbox 872 1281 969 1332; x_wconf 41' lang='lat'>⁴33¹</span> <span class='ocrx_word' id='word_1_249' title='bbox 993 1280 1027 1316; x_wconf 67' lang='grc' dir='ltr'>ἃ</span> <span class='ocrx_word' id='word_1_250' title='bbox 1052 1281 1101 1329; x_wconf 62' lang='grc' dir='ltr'>ῑξξ)</span> <span class='ocrx_word' id='word_1_251' title='bbox 1119 1289 1252 1326; x_wconf 88' lang='lat' dir='ltr'><strong>nempe</strong></span> <span class='ocrx_word' id='word_1_252' title='bbox 1274 1285 1314 1315; x_wconf 91' lang='lat' dir='ltr'>ut</span> <span class='ocrx_word' id='word_1_253' title='bbox 1334 1287 1423 1323; x_wconf 81' lang='lat'>243.</span> <span class='ocrx_word' id='word_1_254' title='bbox 1445 1276 1491 1314; x_wconf 87' lang='lat' dir='ltr'>ad</span> <span class='ocrx_word' id='word_1_255' title='bbox 1511 1282 1572 1313; x_wconf 87' lang='lat'>66.</span> <span class='ocrx_word' id='word_1_256' title='bbox 1589 1288 1722 1324; x_wconf 81' lang='lat' dir='ltr'><strong>nempe</strong></span> <span class='ocrx_word' id='word_1_257' title='bbox 1737 1274 1859 1313; x_wconf 86' lang='lat' dir='ltr'>cordis</span> 
     </span>
     <span class='ocr_line' id='line_1_21' title="bbox 308 1333 1859 1385; baseline -0.002 -12"><span class='ocrx_word' id='word_1_258' title='bbox 308 1335 402 1373; x_wconf 78' lang='lat' dir='ltr'><strong>fetus</strong></span> <span class='ocrx_word' id='word_1_259' title='bbox 427 1335 615 1385; x_wconf 82' lang='lat' dir='ltr'>gallinacei</span> <span class='ocrx_word' id='word_1_260' title='bbox 641 1337 733 1372; x_wconf 80' lang='lat' dir='ltr'>ratio</span> <span class='ocrx_word' id='word_1_261' title='bbox 759 1334 805 1372; x_wconf 83' lang='lat' dir='ltr'>ad</span> <span class='ocrx_word' id='word_1_262' title='bbox 827 1335 933 1374; x_wconf 88' lang='lat' dir='ltr'><strong>suum</strong></span> <span class='ocrx_word' id='word_1_263' title='bbox 958 1347 1092 1384; x_wconf 89' lang='lat' dir='ltr'>corpus</span> <span class='ocrx_word' id='word_1_264' title='bbox 1122 1334 1171 1372; x_wconf 89' lang='lat' dir='ltr'>est</span> <span class='ocrx_word' id='word_1_265' title='bbox 1203 1333 1402 1384; x_wconf 83' lang='lat' dir='ltr'>quadrupla</span> <span class='ocrx_word' id='word_1_266' title='bbox 1429 1333 1580 1371; x_wconf 84' lang='lat' dir='ltr'>rationis</span> <span class='ocrx_word' id='word_1_267' title='bbox 1603 1360 1616 1376; x_wconf 87' lang='lat'>‚</span> <span class='ocrx_word' id='word_1_268' title='bbox 1656 1343 1766 1383; x_wconf 75' lang='lat' dir='ltr'>quam</span> <span class='ocrx_word' id='word_1_269' title='bbox 1793 1342 1859 1370; x_wconf 87' lang='lat' dir='ltr'>cor</span> 
     </span>
    </p>
   </div>
   <div class='ocr_carea' id='block_1_6' title="bbox 308 1390 1114 1441">
    <p class='ocr_par' dir='ltr' id='par_1_6' title="bbox 308 1390 1114 1441">
     <span class='ocr_line' id='line_1_22' title="bbox 308 1390 1114 1441; baseline -0.001 -12"><span class='ocrx_word' id='word_1_270' title='bbox 308 1391 424 1430; x_wconf 82' lang='lat' dir='ltr'>adulti</span> <span class='ocrx_word' id='word_1_271' title='bbox 450 1390 611 1429; x_wconf 86' lang='lat' dir='ltr'>hominis</span> <span class='ocrx_word' id='word_1_272' title='bbox 635 1391 681 1429; x_wconf 87' lang='lat' dir='ltr'>ad</span> <span class='ocrx_word' id='word_1_273' title='bbox 708 1391 812 1429; x_wconf 87' lang='lat' dir='ltr'><strong>suum</strong></span> <span class='ocrx_word' id='word_1_274' title='bbox 839 1404 972 1441; x_wconf 87' lang='lat' dir='ltr'>corpus</span> <span class='ocrx_word' id='word_1_275' title='bbox 997 1391 1114 1428; x_wconf 76' lang='lat' dir='ltr'><strong>habet.</strong></span> 
     </span>
    </p>
   </div>
   <div class='ocr_carea' id='block_1_7' title="bbox 308 1466 1859 1680">
    <p class='ocr_par' dir='ltr' id='par_1_7' title="bbox 308 1466 1859 1680">
     <span class='ocr_line' id='line_1_23' title="bbox 421 1466 1858 1521; baseline -0.003 -11"><span class='ocrx_word' id='word_1_276' title='bbox 421 1472 466 1511; x_wconf 86' lang='lat' dir='ltr'>In</span> <span class='ocrx_word' id='word_1_277' title='bbox 489 1484 577 1510; x_wconf 87' lang='lat' dir='ltr'><strong>meo</strong></span> <span class='ocrx_word' id='word_1_278' title='bbox 601 1473 854 1521; x_wconf 79' lang='lat' dir='ltr'><strong>experimento</strong></span> <span class='ocrx_word' id='word_1_279' title='bbox 887 1472 979 1510; x_wconf 82' lang='lat' dir='ltr'>adeo</span> <span class='ocrx_word' id='word_1_280' title='bbox 1003 1471 1125 1510; x_wconf 82' lang='lat' dir='ltr'>cordis</span> <span class='ocrx_word' id='word_1_281' title='bbox 1155 1470 1246 1509; x_wconf 83' lang='lat' dir='ltr'><strong>fetus</strong></span> <span class='ocrx_word' id='word_1_282' title='bbox 1273 1472 1366 1509; x_wconf 81' lang='lat' dir='ltr'>ratio</span> <span class='ocrx_word' id='word_1_283' title='bbox 1394 1471 1510 1518; x_wconf 83' lang='lat' dir='ltr'>major</span> <span class='ocrx_word' id='word_1_284' title='bbox 1536 1471 1612 1507; x_wconf 87' lang='lat' dir='ltr'>erit.</span> <span class='ocrx_word' id='word_1_285' title='bbox 1663 1466 1733 1507; x_wconf 87' lang='lat' dir='ltr'>Sed</span> <span class='ocrx_word' id='word_1_286' title='bbox 1759 1469 1858 1507; x_wconf 87' lang='lat' dir='ltr'><strong>idem</strong></span> 
     </span>
     <span class='ocr_line' id='line_1_24' title="bbox 308 1526 1859 1577; baseline -0.002 -10"><span class='ocrx_word' id='word_1_287' title='bbox 308 1529 448 1567; x_wconf 88' lang='lat' dir='ltr'><strong>summe</strong></span> <span class='ocrx_word' id='word_1_288' title='bbox 471 1529 520 1566; x_wconf 85' lang='lat' dir='ltr'><strong>est</strong></span> <span class='ocrx_word' id='word_1_289' title='bbox 538 1529 733 1575; x_wconf 79' lang='lat' dir='ltr'>irritabile3</span> <span class='ocrx_word' id='word_1_290' title='bbox 766 1530 857 1567; x_wconf 84' lang='lat' dir='ltr'>vires</span> <span class='ocrx_word' id='word_1_291' title='bbox 883 1541 1015 1577; x_wconf 84' lang='lat' dir='ltr'><strong>nempe</strong></span> <span class='ocrx_word' id='word_1_292' title='bbox 1039 1529 1146 1565; x_wconf 85' lang='lat' dir='ltr'><strong>habet</strong></span> <span class='ocrx_word' id='word_1_293' title='bbox 1171 1527 1396 1565; x_wconf 66' lang='lat' dir='ltr'>contrastiles</span> <span class='ocrx_word' id='word_1_294' title='bbox 1421 1528 1457 1563; x_wconf 70' lang='grc' dir='ltr'>δι</span> <span class='ocrx_word' id='word_1_295' title='bbox 1481 1528 1709 1575; x_wconf 78' lang='lat' dir='ltr'>impatientes</span> <span class='ocrx_word' id='word_1_296' title='bbox 1733 1526 1859 1564; x_wconf 85' lang='lat' dir='ltr'>stimu-</span> 
     </span>
     <span class='ocr_line' id='line_1_25' title="bbox 308 1581 1859 1635; baseline -0.002 -12"><span class='ocrx_word' id='word_1_297' title='bbox 308 1585 334 1623; x_wconf 90' lang='lat' dir='ltr'>li</span> <span class='ocrx_word' id='word_1_298' title='bbox 350 1587 411 1630; x_wconf 79' lang='grc' dir='ltr'>ε),</span> <span class='ocrx_word' id='word_1_299' title='bbox 443 1598 519 1635; x_wconf 79' lang='lat' dir='ltr'>quo</span> <span class='ocrx_word' id='word_1_300' title='bbox 536 1593 703 1634; x_wconf 84' lang='lat' dir='ltr'><strong>tempore</strong></span> <span class='ocrx_word' id='word_1_301' title='bbox 727 1585 950 1623; x_wconf 78' lang='lat' dir='ltr'>ventriculus</span> <span class='ocrx_word' id='word_1_302' title='bbox 967 1585 1005 1630; x_wconf 82' lang='lat' dir='ltr'>d)</span> <span class='ocrx_word' id='word_1_303' title='bbox 1031 1586 1066 1622; x_wconf 66' lang='grc' dir='ltr'>δι</span> <span class='ocrx_word' id='word_1_304' title='bbox 1089 1584 1254 1623; x_wconf 83' lang='lat' dir='ltr'>intestina</span> <span class='ocrx_word' id='word_1_305' title='bbox 1272 1612 1283 1628; x_wconf 88' lang='lat'>‚</span> <span class='ocrx_word' id='word_1_306' title='bbox 1321 1585 1356 1621; x_wconf 70' lang='grc' dir='ltr'>δι</span> <span class='ocrx_word' id='word_1_307' title='bbox 1378 1582 1531 1621; x_wconf 87' lang='lat' dir='ltr'>musculi</span> <span class='ocrx_word' id='word_1_308' title='bbox 1550 1594 1679 1621; x_wconf 81' lang='lat' dir='ltr'><strong>onmes</strong></span> <span class='ocrx_word' id='word_1_309' title='bbox 1707 1581 1753 1620; x_wconf 85' lang='lat' dir='ltr'>ad</span> <span class='ocrx_word' id='word_1_310' title='bbox 1775 1594 1859 1620; x_wconf 90' lang='lat' dir='ltr'>om-</span> 
     </span>
     <span class='ocr_line' id='line_1_26' title="bbox 308 1641 903 1680; baseline 0 -1"><span class='ocrx_word' id='word_1_311' title='bbox 308 1654 371 1680; x_wconf 85' lang='lat' dir='ltr'><strong>nes</strong></span> <span class='ocrx_word' id='word_1_312' title='bbox 398 1642 668 1680; x_wconf 79' lang='lat' dir='ltr'>sollicitationes</span> <span class='ocrx_word' id='word_1_313' title='bbox 693 1641 789 1680; x_wconf 87' lang='lat' dir='ltr'>surdi</span> <span class='ocrx_word' id='word_1_314' title='bbox 812 1641 903 1679; x_wconf 88' lang='lat' dir='ltr'><strong>sunt.</strong></span> 
     </span>
    </p>
   </div>
   <div class='ocr_carea' id='block_1_8' title="bbox 418 1715 1826 1771">
    <p class='ocr_par' dir='ltr' id='par_1_8' title="bbox 418 1715 1826 1771">
     <span class='ocr_line' id='line_1_27' title="bbox 418 1715 1826 1771; baseline -0.004 -10"><span class='ocrx_word' id='word_1_315' title='bbox 418 1722 523 1762; x_wconf 82' lang='lat' dir='ltr'><strong>Idem</strong></span> <span class='ocrx_word' id='word_1_316' title='bbox 552 1722 739 1761; x_wconf 85' lang='lat' dir='ltr'>celerrime</span> <span class='ocrx_word' id='word_1_317' title='bbox 761 1724 873 1761; x_wconf 89' lang='lat' dir='ltr'>micat</span> <span class='ocrx_word' id='word_1_318' title='bbox 887 1752 897 1766; x_wconf 86' lang='lat'>‚</span> <span class='ocrx_word' id='word_1_319' title='bbox 929 1722 974 1760; x_wconf 87' lang='lat' dir='ltr'>ad</span> <span class='ocrx_word' id='word_1_320' title='bbox 1003 1734 1090 1770; x_wconf 91' lang='lat'>140.</span> <span class='ocrx_word' id='word_1_321' title='bbox 1110 1720 1143 1767; x_wconf 86' lang='lat' dir='ltr'>e)</span> <span class='ocrx_word' id='word_1_322' title='bbox 1165 1722 1240 1760; x_wconf 82' lang='lat' dir='ltr'><strong>fere</strong></span> <span class='ocrx_word' id='word_1_323' title='bbox 1262 1721 1386 1771; x_wconf 88' lang='lat' dir='ltr'>pulsus</span> <span class='ocrx_word' id='word_1_324' title='bbox 1409 1722 1448 1758; x_wconf 84' lang='lat' dir='ltr'>in</span> <span class='ocrx_word' id='word_1_325' title='bbox 1467 1721 1612 1758; x_wconf 87' lang='lat' dir='ltr'>minuto</span> <span class='ocrx_word' id='word_1_326' title='bbox 1634 1715 1826 1770; x_wconf 77' lang='lat' dir='ltr'>primos).</span> 
     </span>
    </p>
   </div>
   <div class='ocr_carea' id='block_1_9' title="bbox 306 1799 1857 1968">
    <p class='ocr_par' dir='ltr' id='par_1_9' title="bbox 306 1799 1857 1968">
     <span class='ocr_line' id='line_1_28' title="bbox 420 1799 1857 1854; baseline -0.003 -12"><span class='ocrx_word' id='word_1_327' title='bbox 420 1805 456 1842; x_wconf 90' lang='lat' dir='ltr'>Si</span> <span class='ocrx_word' id='word_1_328' title='bbox 475 1806 512 1842; x_wconf 87' lang='lat' dir='ltr'>in</span> <span class='ocrx_word' id='word_1_329' title='bbox 527 1804 647 1842; x_wconf 86' lang='lat' dir='ltr'>adulta</span> <span class='ocrx_word' id='word_1_330' title='bbox 666 1817 730 1842; x_wconf 81' lang='lat' dir='ltr'><strong>ave</strong></span> <span class='ocrx_word' id='word_1_331' title='bbox 750 1804 871 1854; x_wconf 87' lang='lat' dir='ltr'>pulsus</span> <span class='ocrx_word' id='word_1_332' title='bbox 888 1804 994 1842; x_wconf 82' lang='lat' dir='ltr'>facias</span> <span class='ocrx_word' id='word_1_333' title='bbox 1015 1817 1102 1842; x_wconf 85' lang='lat'>100.</span> <span class='ocrx_word' id='word_1_334' title='bbox 1120 1816 1241 1852; x_wconf 91' lang='lat' dir='ltr'><strong>neque</strong></span> <span class='ocrx_word' id='word_1_335' title='bbox 1262 1804 1360 1840; x_wconf 88' lang='lat' dir='ltr'><strong>enim</strong></span> <span class='ocrx_word' id='word_1_336' title='bbox 1374 1802 1492 1840; x_wconf 87' lang='lat' dir='ltr'>multo</span> <span class='ocrx_word' id='word_1_337' title='bbox 1506 1802 1697 1851; x_wconf 84' lang='lat' dir='ltr'>pauciores</span> <span class='ocrx_word' id='word_1_338' title='bbox 1711 1799 1801 1842; x_wconf 78' lang='lat' dir='ltr'>sunt,</span> <span class='ocrx_word' id='word_1_339' title='bbox 1819 1799 1857 1837; x_wconf 88' lang='lat'>&amp;</span> 
     </span>
     <span class='ocr_line' id='line_1_29' title="bbox 307 1858 1856 1908; baseline -0.005 -8"><span class='ocrx_word' id='word_1_340' title='bbox 307 1874 370 1900; x_wconf 85' lang='lat' dir='ltr'>cor</span> <span class='ocrx_word' id='word_1_341' title='bbox 397 1862 503 1898; x_wconf 78' lang='lat' dir='ltr'>facias</span> <span class='ocrx_word' id='word_1_342' title='bbox 524 1863 562 1898; x_wconf 88' lang='lat' dir='ltr'>in</span> <span class='ocrx_word' id='word_1_343' title='bbox 587 1861 708 1899; x_wconf 80' lang='lat' dir='ltr'>adulta</span> <span class='ocrx_word' id='word_1_344' title='bbox 728 1873 793 1898; x_wconf 88' lang='lat' dir='ltr'><strong>ave</strong></span> <span class='ocrx_word' id='word_1_345' title='bbox 817 1860 834 1908; x_wconf 66' lang='grc' dir='ltr'><em>Ξ</em></span> <span class='ocrx_word' id='word_1_346' title='bbox 860 1861 980 1898; x_wconf 86' lang='lat' dir='ltr'>cordis</span> <span class='ocrx_word' id='word_1_347' title='bbox 1006 1861 1097 1898; x_wconf 86' lang='lat' dir='ltr'><strong>fetus</strong></span> <span class='ocrx_word' id='word_1_348' title='bbox 1113 1888 1123 1903; x_wconf 92' lang='lat'>‚</span> <span class='ocrx_word' id='word_1_349' title='bbox 1147 1858 1344 1897; x_wconf 83' lang='lat' dir='ltr'>transibunt</span> <span class='ocrx_word' id='word_1_350' title='bbox 1361 1859 1398 1895; x_wconf 91' lang='lat' dir='ltr'>in</span> <span class='ocrx_word' id='word_1_351' title='bbox 1420 1858 1505 1895; x_wconf 84' lang='lat' dir='ltr'>dato</span> <span class='ocrx_word' id='word_1_352' title='bbox 1521 1865 1688 1906; x_wconf 84' lang='lat' dir='ltr'><strong>tempore</strong></span> <span class='ocrx_word' id='word_1_353' title='bbox 1709 1868 1775 1905; x_wconf 87' lang='lat' dir='ltr'>per</span> <span class='ocrx_word' id='word_1_354' title='bbox 1790 1866 1856 1893; x_wconf 78' lang='lat' dir='ltr'>cot</span> 
     </span>
     <span class='ocr_line' id='line_1_30' title="bbox 306 1913 1854 1968; baseline -0.006 -12"><span class='ocrx_word' id='word_1_355' title='bbox 306 1918 487 1968; x_wconf 77' lang='lat' dir='ltr'>sanguinis</span> <span class='ocrx_word' id='word_1_356' title='bbox 502 1919 541 1955; x_wconf 84' lang='lat' dir='ltr'>in</span> <span class='ocrx_word' id='word_1_357' title='bbox 555 1917 631 1956; x_wconf 85' lang='lat' dir='ltr'><strong>fetu</strong></span> <span class='ocrx_word' id='word_1_358' title='bbox 647 1924 764 1968; x_wconf 81' lang='lat' dir='ltr'><strong>partes</strong></span> <span class='ocrx_word' id='word_1_359' title='bbox 776 1929 869 1964; x_wconf 86' lang='lat'><em>700.</em></span> <span class='ocrx_word' id='word_1_360' title='bbox 889 1918 927 1954; x_wconf 88' lang='lat' dir='ltr'>in</span> <span class='ocrx_word' id='word_1_361' title='bbox 947 1917 1069 1956; x_wconf 82' lang='lat' dir='ltr'>adulta</span> <span class='ocrx_word' id='word_1_362' title='bbox 1089 1929 1154 1955; x_wconf 85' lang='lat' dir='ltr'>ave</span> <span class='ocrx_word' id='word_1_363' title='bbox 1172 1927 1264 1956; x_wconf 82' lang='lat'>200.</span> <span class='ocrx_word' id='word_1_364' title='bbox 1285 1926 1418 1964; x_wconf 85' lang='lat' dir='ltr'><strong>nempe</strong></span> <span class='ocrx_word' id='word_1_365' title='bbox 1434 1914 1515 1964; x_wconf 78' lang='lat' dir='ltr'>plus</span> <span class='ocrx_word' id='word_1_366' title='bbox 1530 1913 1641 1963; x_wconf 84' lang='lat' dir='ltr'>triplo</span> <span class='ocrx_word' id='word_1_367' title='bbox 1660 1913 1854 1962; x_wconf 76' lang='lat' dir='ltr'>parciores.</span> 
     </span>
    </p>
   </div>
   <div class='ocr_carea' id='block_1_10' title="bbox 1783 1991 1856 2030">
    <p class='ocr_par' dir='ltr' id='par_1_10' title="bbox 1783 1991 1856 2030">
     <span class='ocr_line' id='line_1_31' title="bbox 1783 1991 1856 2030; baseline 0 0"><span class='ocrx_word' id='word_1_368' title='bbox 1783 1991 1856 2030; x_wconf 85' lang='lat' dir='ltr'>Sed</span> 
     </span>
    </p>
   </div>
   <div class='ocr_carea' id='block_1_11' title="bbox 339 2068 1850 2393">
    <p class='ocr_par' dir='ltr' id='par_1_11' title="bbox 340 2068 971 2110">
     <span class='ocr_line' id='line_1_32' title="bbox 340 2068 971 2110; baseline 0.002 -11"><span class='ocrx_word' id='word_1_369' title='bbox 340 2071 378 2110; x_wconf 63' lang='lat' dir='ltr'>y]</span> <span class='ocrx_word' id='word_1_370' title='bbox 398 2068 536 2101; x_wconf 45' lang='lat' dir='ltr'>Rama</span> <span class='ocrx_word' id='word_1_371' title='bbox 544 2069 597 2109; x_wconf 80' lang='lat' dir='ltr'><strong>set.</strong></span> <span class='ocrx_word' id='word_1_372' title='bbox 613 2069 651 2107; x_wconf 72' lang='lat'><em>&amp;</em></span> <span class='ocrx_word' id='word_1_373' title='bbox 662 2071 754 2101; x_wconf 80' lang='lat' dir='ltr'>adult.</span> <span class='ocrx_word' id='word_1_374' title='bbox 772 2068 861 2109; x_wconf 68' lang='lat' dir='ltr'><em>dfflr.</em></span> <span class='ocrx_word' id='word_1_375' title='bbox 877 2079 906 2109; x_wconf 85' lang='lat' dir='ltr'>p.</span> <span class='ocrx_word' id='word_1_376' title='bbox 925 2077 971 2109; x_wconf 87' lang='lat'>17.</span> 
     </span>
    </p>

    <p class='ocr_par' dir='ltr' id='par_1_12' title="bbox 345 2112 833 2149">
     <span class='ocr_line' id='line_1_33' title="bbox 345 2112 833 2149; baseline -0.002 -7"><span class='ocrx_word' id='word_1_377' title='bbox 345 2122 376 2148; x_wconf 53' lang='lat' dir='ltr'>a)</span> <span class='ocrx_word' id='word_1_378' title='bbox 398 2113 475 2141; x_wconf 75' lang='lat' dir='ltr'>Food</span> <span class='ocrx_word' id='word_1_379' title='bbox 489 2113 549 2141; x_wconf 83' lang='lat' dir='ltr'>and</span> <span class='ocrx_word' id='word_1_380' title='bbox 563 2112 704 2149; x_wconf 77' lang='lat' dir='ltr'>discharg.</span> <span class='ocrx_word' id='word_1_381' title='bbox 720 2121 749 2149; x_wconf 80' lang='lat' dir='ltr'>p.</span> <span class='ocrx_word' id='word_1_382' title='bbox 768 2120 833 2142; x_wconf 83' lang='lat'>120.</span> 
     </span>
    </p>

    <p class='ocr_par' dir='ltr' id='par_1_13' title="bbox 343 2153 686 2229">
     <span class='ocr_line' id='line_1_34' title="bbox 343 2153 686 2229; baseline -0.006 -7"><span class='ocrx_word' id='word_1_383' title='bbox 343 2153 376 2229; x_wconf 50' lang='grc' dir='ltr'>ἓξ</span> <span class='ocrx_word' id='word_1_384' title='bbox 397 2161 573 2229; x_wconf 46' lang='grc' dir='ltr'>Ϊέηζὶἶνὶνοίος.</span> <span class='ocrx_word' id='word_1_385' title='bbox 591 2200 620 2228; x_wconf 86' lang='lat' dir='ltr'>p.</span> <span class='ocrx_word' id='word_1_386' title='bbox 642 2199 686 2220; x_wconf 73' lang='grc' dir='ltr'>ιε.</span> 
     </span>
    </p>

    <p class='ocr_par' dir='ltr' id='par_1_14' title="bbox 346 2229 1100 2278">
     <span class='ocr_line' id='line_1_35' title="bbox 346 2229 1100 2278; baseline 0 -17"><span class='ocrx_word' id='word_1_387' title='bbox 346 2232 374 2278; x_wconf 55' lang='lat' dir='ltr'>c)</span> <span class='ocrx_word' id='word_1_388' title='bbox 397 2234 492 2262; x_wconf 69' lang='lat' dir='ltr'>form.</span> <span class='ocrx_word' id='word_1_389' title='bbox 508 2234 548 2261; x_wconf 79' lang='lat' dir='ltr'>du</span> <span class='ocrx_word' id='word_1_390' title='bbox 555 2232 651 2270; x_wconf 73' lang='lat' dir='ltr'>soulet</span> <span class='ocrx_word' id='word_1_391' title='bbox 664 2240 693 2269; x_wconf 86' lang='lat' dir='ltr'>p.</span> <span class='ocrx_word' id='word_1_392' title='bbox 711 2240 721 2260; x_wconf 86' lang='lat'>1</span> <span class='ocrx_word' id='word_1_393' title='bbox 732 2240 742 2260; x_wconf 84' lang='lat' dir='ltr'>x</span> <span class='ocrx_word' id='word_1_394' title='bbox 752 2240 776 2263; x_wconf 78' lang='grc' dir='ltr'>ι.</span> <span class='ocrx_word' id='word_1_395' title='bbox 792 2229 822 2260; x_wconf 80' lang='lat' dir='ltr'>L.</span> <span class='ocrx_word' id='word_1_396' title='bbox 838 2229 886 2260; x_wconf 85' lang='lat' dir='ltr'>lv.</span> <span class='ocrx_word' id='word_1_397' title='bbox 903 2240 931 2268; x_wconf 86' lang='lat' dir='ltr'>p.</span> <span class='ocrx_word' id='word_1_398' title='bbox 950 2233 1017 2267; x_wconf 78' lang='lat'>466.</span> <span class='ocrx_word' id='word_1_399' title='bbox 1032 2234 1100 2268; x_wconf 82' lang='lat'><strong>4⁶⁹·</strong></span> 
     </span>
    </p>

    <p class='ocr_par' dir='ltr' id='par_1_15' title="bbox 339 2277 616 2349">
     <span class='ocr_line' id='line_1_36' title="bbox 339 2277 616 2349; baseline 0 -8"><span class='ocrx_word' id='word_1_400' title='bbox 339 2277 373 2341; x_wconf 61' lang='grc' dir='ltr'>’ἐξ</span> <span class='ocrx_word' id='word_1_401' title='bbox 396 2281 424 2341; x_wconf 67' lang='lat'>{3</span> <span class='ocrx_word' id='word_1_402' title='bbox 440 2281 533 2349; x_wconf 49' lang='lat'>3³13„</span> <span class='ocrx_word' id='word_1_403' title='bbox 548 2320 616 2349; x_wconf 56' lang='lat'>253.</span> 
     </span>
    </p>

    <p class='ocr_par' dir='ltr' id='par_1_16' title="bbox 341 2348 1850 2393">
     <span class='ocr_line' id='line_1_37' title="bbox 341 2348 1850 2393; baseline -0.003 -13"><span class='ocrx_word' id='word_1_404' title='bbox 341 2351 364 2389; x_wconf 81' lang='lat' dir='ltr'><em>f</em></span> <span class='ocrx_word' id='word_1_405' title='bbox 402 2352 458 2381; x_wconf 84' lang='lat' dir='ltr'>Cor</span> <span class='ocrx_word' id='word_1_406' title='bbox 474 2351 542 2380; x_wconf 78' lang='lat' dir='ltr'>hora</span> <span class='ocrx_word' id='word_1_407' title='bbox 558 2361 603 2383; x_wconf 79' lang='lat'>29.</span> <span class='ocrx_word' id='word_1_408' title='bbox 618 2350 697 2379; x_wconf 82' lang='lat' dir='ltr'><strong>lente</strong></span> <span class='ocrx_word' id='word_1_409' title='bbox 710 2349 816 2380; x_wconf 75' lang='lat' dir='ltr'>mobile</span> <span class='ocrx_word' id='word_1_410' title='bbox 833 2371 840 2380; x_wconf 83' lang='lat'><strong>‚</strong></span> <span class='ocrx_word' id='word_1_411' title='bbox 861 2349 930 2379; x_wconf 76' lang='lat' dir='ltr'>hora</span> <span class='ocrx_word' id='word_1_412' title='bbox 948 2361 1016 2380; x_wconf 80' lang='lat' dir='ltr'><strong>vero</strong></span> <span class='ocrx_word' id='word_1_413' title='bbox 1033 2353 1078 2387; x_wconf 85' lang='lat'>36.</span> <span class='ocrx_word' id='word_1_414' title='bbox 1095 2351 1237 2380; x_wconf 78' lang='lat' dir='ltr'>inmotum</span> <span class='ocrx_word' id='word_1_415' title='bbox 1255 2349 1328 2380; x_wconf 79' lang='lat' dir='ltr'>vidit</span> <span class='ocrx_word' id='word_1_416' title='bbox 1347 2348 1390 2380; x_wconf 84' lang='lat' dir='ltr'>Cl.</span> <span class='ocrx_word' id='word_1_417' title='bbox 1408 2348 1522 2379; x_wconf 71' lang='lat' dir='ltr'>Won.</span> <span class='ocrx_word' id='word_1_418' title='bbox 1535 2356 1642 2386; x_wconf 73' lang='lat' dir='ltr'><strong>erzeug.</strong></span> <span class='ocrx_word' id='word_1_419' title='bbox 1656 2355 1685 2384; x_wconf 81' lang='grc' dir='ltr'>Ρ.</span> <span class='ocrx_word' id='word_1_420' title='bbox 1699 2349 1766 2393; x_wconf 69' lang='lat'>265.</span> <span class='ocrx_word' id='word_1_421' title='bbox 1782 2348 1850 2377; x_wconf 79' lang='lat'><strong>2⁶6.</strong></span> 
     </span>
    </p>
   </div>
   <div class='ocr_carea' id='block_1_12' title="bbox 305 2390 1273 2431">
    <p class='ocr_par' dir='ltr' id='par_1_17' title="bbox 305 2390 1273 2431">
     <span class='ocr_line' id='line_1_38' title="bbox 305 2390 1273 2431; baseline -0.001 -10"><span class='ocrx_word' id='word_1_422' title='bbox 305 2391 353 2422; x_wconf 79' lang='lat' dir='ltr'><strong>sed</strong></span> <span class='ocrx_word' id='word_1_423' title='bbox 372 2404 404 2421; x_wconf 58' lang='lat' dir='ltr'>ea</span> <span class='ocrx_word' id='word_1_424' title='bbox 427 2390 542 2421; x_wconf 76' lang='lat' dir='ltr'><strong>summae</strong></span> <span class='ocrx_word' id='word_1_425' title='bbox 566 2390 847 2421; x_wconf 58' lang='lat' dir='ltr'>debilitatisaeffeda</span> <span class='ocrx_word' id='word_1_426' title='bbox 867 2397 940 2429; x_wconf 77' lang='lat' dir='ltr'>puto</span> <span class='ocrx_word' id='word_1_427' title='bbox 954 2412 964 2428; x_wconf 95' lang='lat'><em>,</em></span> <span class='ocrx_word' id='word_1_428' title='bbox 987 2391 1145 2430; x_wconf 62' lang='lat' dir='ltr'>vicinaeque</span> <span class='ocrx_word' id='word_1_429' title='bbox 1164 2390 1273 2431; x_wconf 68' lang='lat' dir='ltr'>mostis.</span> 
     </span>
    </p>
   </div>
  </div>
 </body>
</html>
