1955 2732
404 116 674 158 SECTJJV.
734 117 944 157 VITA
1001 116 1278 156 FETUS.
1539 126 1618 167 285

181 225 252 263 Sed
275 227 390 273 major
409 228 476 263 erit
491 227 593 263 ratio.
627 225 724 264 Nam
746 227 783 262 in
802 226 878 263 fetu
899 225 1041 273 sanguis
1064 226 1273 274 omnis-per
1293 232 1363 262 tres
1384 224 1520 263 radices
1541 238 1623 264 aor-

67 289 111 318 tae
127 281 172 328 g)
197 281 415 328 expellitur,
447 282 492 319 ad
527 282 744 331 pulmonem
779 290 900 319 autem
929 283 1004 329 ejus
1037 281 1128 318 adeo
1158 293 1288 329 parum
1315 282 1415 318 venit
1438 310 1448 324 ‚
1483 291 1524 319 ut
1552 294 1621 331 pro

67 337 182 374 nihilo
209 337 379 376 habeatur
399 367 409 381 ‚
443 340 479 375 Sc
504 338 696 376 ventriculi
721 337 840 375 dextri
863 338 1007 375 nullum
1032 339 1081 375 est
1106 338 1298 385 vestigium
1313 337 1364 380 h).

179 417 304 463 Quare
332 420 371 456 in
394 426 520 456 tenero
548 419 748 468 embryone
775 419 860 467 galli
887 431 1014 467 parum
1039 421 1159 457 minus
1175 446 1186 461 .
1219 423 1328 468 quam
1363 418 1569 466 septuplum
1591 419 1620 462 i)

68 474 247 522 sanguinis
273 475 318 511 de
345 482 445 512 aorta
472 475 656 524 prodibit,
681 475 717 511 &
741 487 804 524 per
823 487 956 523 corpus
987 475 1206 518 universum,
1227 474 1373 524 ejusque
1389 475 1618 522 appendices,

65 531 289 567 membranas
310 559 319 573 ,
353 532 567 568 circumibit.
629 530 675 568 Et
698 543 737 568 ea
759 532 891 568 iterum
918 530 1037 569 multo
1065 533 1202 579 majora
1221 531 1311 568 sunt.
1364 531 1459 567 Nam
1489 532 1621 567 maturi

64 586 156 623 fetus
183 588 361 624 rationem
389 587 433 624 ad
464 599 528 625 cor
561 586 614 625 Cl.
648 586 836 625 Boxssrm
862 586 982 624 sumlit
1001 616 1011 631 ,
1044 600 1124 637 quae
1158 590 1196 625 in
1225 595 1353 625 tenero
1393 586 1470 624 fetu
1499 586 1619 624 multo

64 643 179 690 major
204 641 254 679 fit.

171 722 215 761 In
244 723 395 760 homine
421 722 501 762 duae
526 723 608 762 sunt
629 730 739 762 aortae
763 723 900 762 radices
915 752 924 766 ‚
959 723 1098 774 reliqua
1126 723 1252 761 similia
1281 723 1348 761 effe
1371 730 1475 773 puto.

171 804 274 842 Adde
302 817 426 847 nunc,
458 817 567 854 quam
603 806 726 842 omnia
755 807 792 841 in
825 805 900 842 fetu
928 803 1053 842 mollia
1088 804 1156 841 sint
1175 834 1185 848 ,
1218 818 1327 855 quam
1360 805 1462 843 facile
1490 804 1617 853 gluten

58 860 268 909 impulfioni
296 861 426 904 cedat,
459 873 534 910 quo
566 861 640 898 fere
675 869 796 898 totum
821 873 955 909 corpus
987 862 1152 903 constat,
1187 863 1222 898 δι
1258 862 1405 899 habebis
1432 863 1617 898 rationum

57 916 137 954 satis
154 945 163 959 ,
197 929 307 966 quare
335 929 399 954 cor
427 918 464 954 in
488 918 564 954 fetu
590 919 800 954 arteriarum
829 917 1056 955 refil'centiam
1082 930 1212 966 magna
1243 919 1415 966 portione
1445 917 1585 965 superet
1604 945 1614 959 ,

56 981 99 1010 ut
123 973 179 1010 vel
197 985 242 1010 ex
261 975 488 1011 incremento
508 973 672 1022 superare
694 973 969 1011 demonstratur.
1003 974 1156 1023 Superat
1176 976 1284 1011 etiam
1307 977 1344 1010 in
1364 973 1511 1015 adulto,
1531 985 1616 1010 cum

56 1029 101 1066 ab
129 1041 173 1066 eo
192 1058 203 1072 ,
233 1030 268 1067 &
291 1029 490 1067 secundum
513 1031 597 1066 axin
621 1029 761 1077 sanguis
782 1037 974 1067 moveatur
995 1057 1006 1072 ‚
1041 1031 1076 1066 ὃς
1103 1030 1147 1067 ad
1165 1030 1469 1079 perpendiculum
1489 1031 1616 1067 arteria

57 1086 283 1124 extendatur.
326 1087 473 1123 Arteriae
495 1097 582 1122 vero
610 1086 819 1128 contrafflO,
840 1095 927 1123 cum
954 1097 1017 1134 par
1045 1085 1086 1122 fit
1111 1085 1313 1124 extenssoni
1333 1114 1343 1129 ,
1376 1086 1487 1123 solam
1514 1086 1616 1123 istam

55 1148 196 1190 partem
225 1143 358 1179 virium
391 1141 510 1179 cordis
537 1148 655 1190 aequat
671 1138 712 1188 le)
733 1169 743 1184 ‚
777 1154 856 1191 quae
883 1143 1018 1178 arteriae
1046 1141 1317 1190 longitudinem
1339 1149 1457 1190 auget.
1504 1141 1546 1178 In
1564 1142 1616 1178 fe-

55 1206 96 1234 tu
128 1197 298 1248 multiplo
327 1199 442 1246 magis
471 1210 536 1235 cor
560 1196 710 1246 superat.
772 1197 870 1235 Nam
897 1199 933 1235 ἃ
953 1209 1017 1235 cor
1042 1199 1193 1236 validius
1222 1200 1300 1242 est,
1337 1199 1373 1236 δι
1395 1200 1531 1236 arteriae
1551 1198 1614 1236 de-

54 1253 210 1292 biliores.

540 1348 573 1389 §.
605 1342 692 1382 XII.
760 1342 874 1392 Causae
905 1344 1104 1390 adjutrices.

163 1433 315 1472 Motum
338 1462 348 1477 ,
392 1435 456 1484 qui
491 1435 529 1471 in
562 1434 740 1472 circulum
772 1433 840 1476 fit,
872 1433 939 1471 soli
970 1434 1074 1472 cordi
1107 1436 1239 1472 tribuo.
1302 1433 1392 1471 Non
1422 1435 1470 1472 ita
1498 1447 1610 1478 eum,

53 1501 130 1540 quo
155 1491 249 1528 fetus
273 1492 441 1528 nutritur.
502 1490 667 1529 Multum
691 1491 789 1528 enim
813 1489 874 1527 hic
896 1502 915 1527 a
940 1492 1085 1540 pigritia
1111 1491 1261 1540 glutinis
1287 1490 1412 1528 alentis
1431 1491 1609 1541 exspei’to,

54 1547 91 1584 &
118 1548 162 1584 ab
187 1548 260 1595 ejus
286 1549 322 1584 vi
347 1547 530 1585 adtraCtili.

164 1626 274 1666 Mora
304 1629 403 1665 enim
434 1636 518 1677 eget
546 1628 699 1666 nutritio
717 1655 726 1670 ,
760 1627 797 1664 &
819 1627 1019 1667 adhaefione
1047 1618 1305 1678 particularum
1333 1627 1525 1671 alimenti,
1566 1627 1612 1666 ad

51 1684 244 1734 particulas
263 1712 273 1727 ,
307 1686 446 1735 quaein
473 1685 550 1722 fetu
574 1685 647 1732 jam
673 1685 837 1728 formatae
857 1684 993 1722 adsunt.

163 1764 324 1802 Glutinis
349 1777 438 1813 ergo
461 1765 637 1803 visciditas
654 1765 740 1802 facit
760 1793 770 1807 ,
805 1771 847 1803 ut
871 1766 946 1802 vasa
961 1793 970 1808 ‚
1006 1777 1051 1802 ex
1075 1765 1154 1803 solo
1181 1765 1350 1803 haetenus
1370 1777 1483 1803 muco
1507 1764 1606 1808 Γᾶὲὶε,

49 1820 85 1859 se
116 1819 230 1858 finant
262 1821 448 1870 expandi,
482 1832 601 1870 neque
634 1819 878 1858 dissolvantur.
940 1821 1161 1859 Immortalis
1187 1822 1398 1859 Nsswrom
1425 1821 1520 1858 lusus
1548 1821 1609 1860 hic

48 1878 172 1915 animo
201 1878 361 1914 occurrit
381 1906 391 1920 ‚
424 1889 501 1926 quo
531 1876 678 1914 viscidas
703 1878 837 1926 pariter
863 1876 1004 1925 saponis
1028 1877 1197 1930 veficulas
1222 1877 1376 1915 inflabat.
1420 1876 1608 1925 Ejusmodi

47 1932 211 1970 veficulae
238 1933 319 1970 sunt
344 1933 521 1971 cenulosae
549 1933 705 1970 telarum
728 1933 913 1970 intervalla
937 1945 944 1970 :
987 1934 1060 1983 ipsa
1092 1936 1200 1971 etiam
1231 1934 1333 1976 vasa,
1366 1932 1426 1971 etfi
1457 1946 1535 1971 non
1570 1935 1609 1971 in

50 1989 222 2037 sphaetam
243 2017 253 2032 ‚
286 1996 407 2027 tamen
431 1991 470 2026 in
497 2001 648 2028 omnem
673 1989 916 2032 diametrum,
952 1997 994 2027 ut
1012 1991 1049 2027 in
1068 2002 1162 2038 pene
1179 1989 1220 2027 fit
1238 2018 1248 2032 ‚
1281 1990 1420 2027 dilatari
1445 1989 1604 2038 possunt,

49 2044 256 2083 dummodo
277 2045 430 2094 liquoris
456 2045 633 2083 visciditas
658 2045 796 2083 facilius
817 2046 861 2083 ad
879 2057 944 2083 cor
967 2073 977 2088 ,
1010 2044 1189 2084 difficilius
1210 2045 1253 2093 a)
1276 2048 1315 2083 in
1332 2053 1434 2096 parte
1458 2057 1478 2083 a
1495 2045 1606 2082 corde

48 2102 248 2139 remotioni
274 2101 375 2138 cedat
394 2129 405 2144 ,
436 2109 498 2138 aut
526 2100 713 2151 preffionis
739 2100 894 2140 universi
918 2101 1083 2139 humoris
1109 2115 1189 2152 pars
1212 2101 1331 2152 aliqua
1355 2104 1393 2140 in
1423 2101 1605 2138 lateralem

49 2164 220 2194 mutetur.

882 2211 920 2250 N
936 2224 961 2250 n
989 2222 1007 2259 3
1533 2210 1604 2251 Sed

80 2263 119 2302 g)
141 2263 213 2294 Ibid.
231 2263 300 2294 hora
316 2272 362 2302 7²-
383 2265 438 2295 διε.
461 2274 490 2303 p.
505 2271 552 2302 ες.
600 2270 602 2272 “

88 2304 122 2338 h)
143 2314 171 2341 p.
191 2311 236 2342 78.
255 2306 291 2334 ad
304 2306 415 2334 {extum
430 2305 518 2343 usque
531 2306 619 2338 diem.

89 2344 121 2419 P)
138 2344 455 2422 Ιίιηίῑιίιιῃρὸἒὲζᾼεεε
469 2348 634 2386 emhvyolog.
650 2356 680 2386 p.
693 2356 720 2382 4.
745 2345 811 2378 Plus
827 2345 942 2379 tranare
957 2346 1085 2379 Esus.
1101 2347 1122 2380 1.
1136 2358 1160 2380 c.
1173 2357 1202 2388 p.
1219 2357 1266 2388 ¹³=

89 2424 123 2461 a>
144 2423 175 2454 L.
188 2423 234 2454 Vl.
250 2434 279 2463 p.
294 2434 362 2464 23³·
