1955 2732
247 118 412 157 SECT.
442 117 496 156 II.
556 116 911 158 PRIMORDIA
947 115 1106 159 NOVI
1147 118 1446 160 ANIMALIS.
1544 132 1616 169 125

182 223 320 263 Iterum
342 237 455 264 nemo
475 223 670 274 intelligit,
703 225 897 275 quomodo
917 221 954 276 c)
980 225 1112 276 possint
1132 224 1251 264 fluidae
1270 227 1453 277 particulx
1475 240 1521 266 ex
1547 241 1624 266 am-

71 281 135 331 plo
161 293 317 330 corpore
341 283 450 331 patris
476 280 632 319 defluere
664 310 674 324 ,
710 281 755 318 de
781 284 869 319 areis
890 284 962 330 jam
984 283 1099 332 plenis
1118 284 1218 329 (nam
1238 283 1454 333 plerumque
1480 285 1621 323 adultus

72 337 121 374 est
145 339 208 386 qui
230 337 359 386 pater),
379 339 416 374 ἅ
442 345 562 374 tamen
594 366 604 381 ,
638 336 700 375 etsi
716 348 810 375 areas
834 339 950 377 subire
967 352 1044 376 non
1068 339 1205 389 potest,
1240 339 1329 387 fingi
1353 347 1473 377 tamen
1493 343 1530 377 in
1545 350 1622 379 tan-

71 400 145 430 tam
171 395 328 442 partium
352 395 518 442 corporis
544 395 683 442 paterni
708 392 980 432 similitudinem
997 423 1007 438 ‚
1040 402 1083 432 ut
1102 394 1270 433 subtilem
1293 396 1397 433 faciei
1417 396 1513 433 illam
1539 410 1623 436 ana-

68 448 208 497 logiam
233 451 271 486 in
300 449 416 487 fetum
438 449 626 487 transferat
655 461 667 495 ;
714 450 751 487 δε
778 457 900 488 tamen
927 458 983 488 tot
1011 451 1056 488 de
1083 451 1277 488 intervallis
1308 450 1446 489 remissa
1475 456 1623 491 materia

69 512 144 542 tam
167 518 285 554 parvae
308 504 377 542 esse
399 505 508 542 molis
528 533 538 547 ‚
582 514 623 544 ut
656 518 742 543 cum
777 514 937 544 materna
971 509 1119 545 materie
1150 508 1342 556 conjunch
1373 521 1439 558 per
1464 509 1585 557 plures
1603 523 1624 548 a
1662 547 1665 550 .

70 570 254 609 conceptu
276 560 350 598 dies
373 560 557 598 invisibilis
573 590 583 605 ‚
616 563 679 599 vix
707 570 829 601 autem
857 565 963 601 unius
994 564 1097 601 lineae
1120 563 1182 607 fit,
1216 564 1363 614 quando
1386 572 1484 611 17¹¹³0
1504 566 1563 603 die
1585 568 1622 607 in

70 628 143 654 ove
167 618 330 666 primum
356 617 550 667 conspicua
575 618 747 656 redditur.

13 746 26 752 „
180 696 354 747 Denique
373 725 383 741 ,
415 705 457 736 ut
481 699 606 736 breves
631 699 738 738 fimus
753 729 763 743 ‚
790 699 934 738 nullum
958 700 1008 737 est
1030 699 1151 737 semen
1174 701 1417 739 femininum:
1450 702 1591 741 nullum
1608 733 1620 747 ‚

69 760 151 791 ante
174 755 340 797 coitum,
374 766 508 803 corpus
538 755 679 793 luteum
697 757 737 803 ιί)
753 784 763 799 ,
797 756 918 794 nullus
943 757 1033 794 adeo
1062 758 1138 804 ejus
1160 757 1286 795 succus
1302 786 1313 801 ‚
1341 759 1405 807 qui
1430 770 1517 796 cum
1547 772 1623 797 ma-

66 809 167 848 sculo
196 809 330 847 semine
355 810 566 853 misceatur,
598 812 690 848 nihil
713 813 804 851 adeo
825 812 926 862 quod
952 814 990 850 in
1011 825 1152 851 novum
1175 814 1290 852 fetum
1311 821 1429 863 partes
1449 816 1625 864 genitalas

68 865 257 905 femininas
275 894 286 910 ,
326 878 575 916 mammasque
591 896 601 911 ‚
635 869 672 906 δε
702 869 838 919 reliqua
865 869 967 907 sexus
997 870 1186 907 tenerioris
1206 869 1411 908 discrimina
1438 870 1545 919 poffit
1566 873 1623 910 in.

68 921 270 960 troducere.

179 1001 276 1040 Vide
302 1015 381 1052 quae
405 1003 465 1041 alii
490 1003 542 1041 Cl.
564 1006 633 1042 viri
651 1004 695 1042 ad
717 1004 811 1045 hanc
834 1005 1051 1057 hypothesin
1071 1005 1316 1051 adnotarunt,
1343 1007 1379 1044 δε
1396 1006 1620 1058 potiffimum

70 1057 272 1097 cimorum
296 1059 525 1097 Romnum
546 1060 588 1105 e).

563 1200 596 1241 5.
631 1195 723 1235 XX.
784 1197 916 1235 Anima
943 1199 1129 1247 strtzfflrix.

177 1289 232 1330 Ab
256 1291 324 1330 hac
355 1294 458 1330 om‘ni
490 1292 629 1332 theoria
657 1294 890 1334 remotissima
915 1298 963 1334 est
984 1326 994 1340 ,
1037 1300 1169 1348 pariter
1197 1305 1317 1337 tamen
1347 1299 1585 1350 antiquiffima
1606 1329 1616 1345 ,

67 1348 195 1385 animae
219 1349 271 1385 vis
298 1348 528 1387 fabricatrix:
559 1350 730 1389 haftenus
753 1360 875 1390 tamen
895 1353 1049 1398 adfinis,
1081 1355 1184 1404 quod
1217 1357 1292 1403 ejus
1320 1357 1506 1404 opinionis
1543 1357 1622 1394 fau-

67 1411 166 1441 tores
194 1404 344 1453 perinde
368 1405 584 1457 plerumque
610 1408 816 1458 epigenefin
838 1409 1024 1453 doceant,
1054 1413 1118 1460 qui
1141 1413 1184 1449 ab
1203 1413 1321 1449 anima
1343 1424 1483 1449 novum
1505 1413 1618 1451 fetum

67 1459 152 1498 strui
176 1460 444 1509 persuadentur.

181 1540 259 1586 Qui
289 1554 378 1591 ergo
416 1543 509 1582 fetus
541 1544 712 1582 fabricam
740 1546 895 1594 plurima
927 1545 1073 1583 summae
1104 1546 1279 1596 sapientiae
1308 1549 1455 1597 vestigia
1482 1550 1619 1600 ubique

69 1596 256 1635 ostendere
290 1599 459 1636 viderunt
487 1628 496 1642 ‚
541 1601 585 1637 ad
626 1601 782 1651 aliquam
808 1602 1072 1650 intelligentem
1096 1631 1105 1645 ‚
1151 1604 1458 1653 praevisorumque
1491 1605 1618 1645 finium

67 1665 217 1701 gnaram
245 1654 383 1691 causam
411 1656 685 1704 confugerunt,
718 1670 797 1706 quae
830 1658 946 1696 fetum
979 1658 1023 1695 ad
1049 1659 1288 1709 archetypum
1317 1659 1381 1697 fibi
1407 1661 1618 1710 impreffum

70 1710 313 1746 fabricaretur.

179 1788 302 1839 Aliqui
318 1793 407 1827 vires
422 1803 616 1841 corporeas
630 1821 640 1836 ,
664 1792 876 1842 spirituosas
898 1800 1019 1831 tamen
1041 1795 1283 1832 adhibuerunt
1301 1824 1310 1838 ,
1338 1808 1417 1846 quae
1431 1800 1618 1836 materiam

69 1845 265 1883 informem
302 1849 389 1884 novi
430 1849 590 1886 animalis
620 1850 845 1893 formarent,
879 1863 992 1900 eaque
1013 1851 1134 1889 nescio
1166 1863 1245 1900 quae
1277 1852 1346 1889 fuit
1375 1852 1616 1892 STAHLIANAE

69 1902 250 1939 sententiae
278 1902 481 1941 diminutio.

181 1982 334 2031 Spiritus
359 1983 534 2023 seminalis
569 1997 637 2036 per
655 1985 792 2024 vascula
814 1987 1062 2036 primordialia
1084 1995 1207 2026 motus
1232 1991 1417 2027 materiam
1442 2002 1461 2028 a
1483 1989 1617 2028 femina

72 2036 191 2075 datam
222 2039 358 2077 format
377 2040 426 2086 a).

835 2121 884 2169 Q
906 2133 924 2168 3
1452 2124 1477 2163 Ι.
1511 2125 1616 2163 TAR-

111 2246 140 2282 c)
162 2244 283 2284 Pce‘fitce.
310 2249 415 2283 Journ.
435 2249 509 2278 Brit.
526 2253 590 2279 an'n.
607 2257 691 2287 1750.
706 2259 742 2280 m.
757 2249 844 2281 Mars.

111 2287 143 2315 d‘»
168 2286 197 2316 L.
217 2286 327 2316 XXIX.
347 2297 372 2325 p.
397 2298 440 2323 29.
461 2288 516 2326 sqq.

110 2325 137 2362 e)
160 2326 269 2355 HALLE
293 2338 349 2357 von
364 2332 460 2366 vogelrz
475 2339 500 2366 p.
512 2333 558 2360 60.
591 2330 728 2361 Causxus
741 2332 780 2370 ph
795 2341 842 2361 *nx
854 2340 883 2370 p.
900 2335 984 2370 1156.

110 2366 142 2402 a)
163 2365 467 2407 Banmrffbrmffet.
485 2379 514 2407 p.
533 2379 596 2407 105.
