1955 2732
423 101 1290 147 SECT.IV.VITAFETUS.
1554 116 1629 152 333

198 216 382 264 Adparent
408 216 516 253 etiam
539 213 616 251 vasa
635 241 645 256 ‚
678 225 757 262 quae
778 215 814 249 in
842 210 1008 249 universo
1035 209 1108 249 offe
1126 209 1325 248 secundum
1345 209 1454 248 lineas
1480 209 1555 248 fere
1575 213 1635 248 axi

86 271 266 320 parallelas
284 271 449 320 disposita
464 272 578 319 magis
594 271 630 307 ἃ
646 271 758 318 magis
773 269 877 306 fibras
892 267 1143 309 conformant,
1167 278 1247 316 quae
1265 267 1304 302 in
1320 265 1468 304 laminas
1484 275 1630 310 coeunt,

87 340 174 376 quas
197 327 273 364 vasa
294 327 470 366 dividunt.

199 408 277 446 Pari
297 421 384 456 ergo
408 407 506 457 passu
530 407 688 456 opacitas
710 434 719 448 ‚
754 405 925 452 fragilitas
940 433 949 446 ‚
975 405 1089 441 rubor
1109 433 1118 447 ,
1151 416 1171 440 a
1191 409 1317 440 centro
1341 402 1421 440 offis
1436 432 1445 446 ‚
1478 415 1561 441 cum
1583 416 1637 441 ar-

88 465 176 501 teria
204 466 377 507 nutritia,
411 464 555 513 ejusque
578 465 683 500 ramis
712 462 923 509 sanguinem
954 460 1093 508 semper
1126 459 1344 509 profundius
1365 461 1634 508 recipientibus,

86 520 204 557 versus
235 520 422 570 epiphyses
452 522 623 569 utrinque
648 519 902 568 producuntur
924 516 963 559 i).

200 600 243 638 Et
265 602 401 648 majora
427 614 527 638 nunc
557 600 635 638 vasa
666 599 887 637 circulorum
906 596 948 645 lc)
972 596 1239 635 vasculosorum
1264 596 1408 639 mollia,
1439 596 1502 632 fibi
1527 599 1637 634 inter-

87 655 200 704 pofita
219 685 227 699 ‚
260 658 344 704 juga
370 659 407 694 in
435 657 623 695 lamin'ulas
648 655 890 697 confirmant,
925 654 960 690 &
985 654 1055 703 ipsa
1077 653 1237 690 dilatatio
1262 653 1426 690 vasorum
1449 681 1457 695 ‚
1490 665 1554 701 per
1579 661 1637 690 to-

84 719 160 749 tam
191 712 271 750 offis
297 722 459 751 naturam
495 713 788 751 descendentium
810 725 826 754 ,⁶
854 722 1014 760 quorum
1044 710 1184 758 sanguis
1213 709 1380 746 nonduin
1412 708 1566 746 liberum
1600 711 1637 745 in

87 769 274 818 epiph'yfin
305 772 371 806 iter
400 772 564 812 invenit,
598 771 758 819 primum
787 769 934 805 laminas
961 766 1094 815 aliquas
1120 779 1138 803 a
1161 765 1285 805 medio
1311 764 1408 807 offe,
1437 764 1566 801 deinde
1594 766 1637 801 ab

87 826 254 863 universo
277 855 286 868 ‚
321 827 423 875 cogit
464 828 500 863 in
535 828 666 864 tubum
696 824 931 862 medullarem
967 825 1134 859 eminere.
1194 821 1248 859 Ita
1284 822 1416 859 fabrica
1454 821 1638 858 alveolaris

79 880 240 918 nascitur
259 881 296 926 l).

197 962 312 1000 Simul
341 963 507 1000 celluiosa
527 962 595 999 tela
620 963 670 999 ob
691 962 857 999 vasorum
877 961 1021 1009 copiam
1050 961 1181 1002 rubet,
1215 959 1346 1008 quibus
1379 959 1408 995 is
1441 959 1549 996 tubus
1583 971 1637 996 re·

86 1017 205 1066 pletur
226 1047 236 1061 ,
270 1020 305 1055 &
331 1018 486 1056 medulla
509 1032 605 1056 nunc
628 1020 774 1067 pinguis
806 1019 842 1054 &
863 1018 970 1054 rubra
987 1016 1038 1060 m>
1059 1017 1193 1054 secerni
1215 1017 1352 1064 incipit.

197 1098 293 1142 Cum
321 1107 489 1148 praeterea
516 1101 652 1136 arteriae
677 1098 802 1136 circuli
829 1097 999 1137 vasculofi
1020 1097 1182 1147 perfettae
1198 1096 1265 1133 fint
1279 1125 1289 1139 ‚
1311 1107 1444 1145 nempe
1465 1096 1509 1132 ad
1528 1094 1637 1132 finem

85 1153 197 1203 usque
224 1154 303 1192 offis
338 1157 449 1192 rubro
492 1155 663 1202 sanguine
690 1155 938 1203 perfluantur,
974 1163 1050 1191 tota
1075 1155 1183 1191 etiam
1209 1152 1382 1200 cartilago
1419 1165 1517 1189 nunc
1545 1150 1638 1188 offea

85 1211 134 1246 est
151 1239 160 1253 ‚
194 1210 303 1247 ditata
329 1211 513 1258 particulis
539 1212 694 1260 scrupeis
717 1223 802 1248 cum
829 1211 999 1260 sanguine
1018 1210 1171 1247 advectis
1187 1238 1197 1251 ,
1231 1210 1266 1246 &
1283 1210 1331 1246 ob
1352 1221 1406 1245 eas
1432 1221 1473 1246 os
1504 1208 1638 1245 durum

84 1278 183 1303 nunc
209 1267 256 1303 est
276 1295 286 1309 ‚
322 1268 358 1303 δε
385 1266 510 1314 fragile
529 1267 579 1309 n).
607 1298 610 1303 ,

197 1347 270 1385 Die
285 1347 428 1385 decimo
447 1348 576 1385 oaavo
595 1347 629 1391 ο)
650 1346 791 1396 sanguis
806 1375 815 1388 ,
848 1348 910 1396 qui
932 1348 1060 1395 aengus
1083 1347 1121 1382 in
1145 1344 1332 1395 epiphyfin
1353 1345 1414 1383 fibi
1436 1346 1530 1382 viam
1555 1357 1638 1394 ape-

87 1403 203 1440 riebat
221 1433 230 1446 ‚
265 1412 306 1441 ut
329 1406 471 1441 arterias
494 1404 537 1440 ad
573 1403 706 1441 limites
741 1402 821 1440 offis
851 1405 888 1440 in
914 1403 1096 1440 clavarum
1121 1402 1274 1450 figuram
1299 1402 1537 1443 distenderet,
1557 1413 1638 1450 ape-

87 1461 135 1496 rit
152 1459 301 1497 demum
327 1460 390 1497 fibi
413 1462 481 1497 iter
503 1473 566 1508 per
590 1472 704 1509 poros
724 1459 864 1496 laniinae
891 1459 1055 1496 cribrosae
1071 1486 1082 1502 ,
1115 1460 1226 1508 inque
1247 1458 1515 1506 cartilagineam
1535 1466 1638 1494 natu-

87 1527 163 1552 ram
193 1515 425 1553 additamenti
453 1516 663 1564 sanguinem
691 1516 813 1553 adfert.

199 1596 303 1634 Idem
331 1596 372 1635 fit
399 1610 417 1634 a
443 1596 528 1634 vafis
553 1598 709 1634 externis
729 1625 739 1639 ,
773 1603 939 1634 extremo
964 1597 1056 1634 artui
1083 1595 1184 1633 datis.

198 1676 251 1714 Ita
275 1690 339 1727 per
366 1678 506 1715 easdem
532 1677 648 1715 causas
683 1679 720 1714 in
753 1676 914 1726 epiphyfi
932 1680 980 1724 p>
1007 1675 1131 1712 fimilia
1159 1675 1259 1713 fiunt.
1320 1673 1411 1712 Vasa
1447 1687 1492 1712 ex
1519 1675 1639 1713 nuclei

87 1733 268 1782 perforata
299 1734 484 1782 superficie
505 1762 514 1776 ,
555 1734 719 1782 undique
755 1733 799 1769 de
834 1735 960 1771 arteria
993 1730 1140 1770 nutritis
1171 1733 1387 1769 emittuntur
1408 1759 1418 1774 ,
1453 1732 1488 1768 &
1517 1731 1639 1769 secum

87 1796 208 1826 terreae
236 1791 396 1827 materiei
423 1802 561 1839 penum
590 1789 756 1827 adferunt
779 1789 824 1835 q).

199 1869 332 1907 Terrea
353 1872 517 1907 materies
540 1871 577 1906 in
601 1871 675 1917 ejus
700 1869 821 1907 nuclei
843 1875 1006 1906 centrum
1021 1896 1030 1910 ‚
1056 1869 1148 1905 circa
1173 1869 1309 1904 artefice
1329 1868 1485 1905 nutritiae
1504 1867 1639 1916 ingres-

86 1925 165 1962 sum
180 1953 189 1968 ,
223 1926 357 1963 format
378 1927 522 1963 initium
549 1928 638 1963 novi
660 1925 739 1962 offis
757 1953 766 1967 ‚
800 1925 900 1975 quod
926 1937 945 1960 a
968 1924 1133 1961 vasorum
1160 1922 1336 1972 preffione
1361 1925 1398 1960 in
1423 1923 1637 1960 alveolatam

87 1989 252 2018 naturam
277 1983 373 2024 abit,
406 1994 485 2031 quae
516 1981 640 2019 sensim
667 1994 732 2031 per
757 1981 1022 2029 cartilagineam
1053 1988 1219 2018 naturam
1246 1979 1480 2022 extenditur,
1517 1979 1639 2029 quoad

887 2036 920 2074 T
941 2043 956 2073 t
990 2047 1007 2080 3
1561 2042 1639 2072 tota

127 2090 153 2123 i)
174 2098 201 2125 1⁷-
217 2097 283 2124 259·
1123 2112 1130 2118 .

128 2130 158 2162 k)
180 2129 222 2158 Ab
235 2129 307 2158 hora
321 2132 385 2166 336.
410 2130 446 2159 ad
457 2138 524 2168 433.
538 2139 566 2167 p.
581 2138 647 2168 237.
663 2134 730 2167 238.

128 2170 171 2241 3)
186 2179 264 2238 {ji-og
273 2179 345 2243 {80¹
362 2208 419 2238 obs.
433 2220 480 2245 99.
507 2209 576 2240 hora
596 2219 659 2247 514.
678 2209 735 2240 obs.
755 2218 819 2248 103.

129 2252 163 2284 n)
186 2248 252 2278 Obs.
273 2259 318 2285 92.
343 2248 411 2278 hora
429 2256 494 2284 484.

131 2290 159 2323 ⁰)
182 2289 257 2318 Hora
276 2294 341 2324 408.
363 2289 398 2318 ad
418 2295 485 2323 428.
503 2300 532 2327 p.
550 2296 617 2328 238.

127 2330 160 2366 Ρ)
184 2329 225 2358 Ab
241 2329 308 2358 hora
326 2335 390 2363 528·
405 2330 441 2358 ad
457 2329 554 2360 finem.

132 2370 164 2407 q)
185 2378 213 2406 p.
228 2373 293 2399 216.
310 2374 376 2399 261.
392 2371 446 2399 διε.
