1955 2732
384 130 636 172 SE'eZJ.
730 129 1428 171 INCREMENTUM.
1635 136 1681 169 19

154 226 279 274 Quare
312 240 443 267 venam
468 227 716 267 umbilicalem
747 227 860 276 ipsam
894 229 1233 270 membranaceam,
1268 228 1303 264 &
1326 227 1472 265 durium
1495 225 1682 268 venosum.

89 288 243 336 perinde
267 288 326 327 sua
357 289 489 327 factum
523 289 672 330 tunica,
706 288 741 324 &
767 290 911 325 arterias
940 288 1187 330 umbilicales,
1227 287 1288 324 has
1328 296 1450 325 autem
1480 287 1683 336 ligamento

90 346 306 392 fimiliores,
344 351 451 386 toties
479 348 553 385 vidi
587 348 623 384 &
651 347 857 396 persecutus
880 347 967 385 sum.
1019 348 1151 397 Ne‘que
1183 347 1351 396 intelligo
1372 374 1380 388 2
1434 359 1510 396 quo
1541 348 1681 384 abirent

89 408 225 445 arteriae
255 408 300 445 de
330 408 508 446 umbilico
540 408 722 455 abruptae,
762 414 801 445 ut
833 407 1104 445 evanescerent:
1139 420 1218 456 quae
1245 415 1318 444 tam
1341 407 1462 455 longae
1499 405 1587 448 sint,
1617 419 1681 443 ne-

87 478 159 516 que
197 467 347 505 demum
380 469 514 516 patitur
545 466 639 504 hanc
665 468 1005 515 interpretationem
1040 476 1215 515 perpetua
1245 468 1455 504 arteriarum
1485 466 1606 504 vesicae
1631 478 1678 504 ex

88 526 312 570 umbilicali,
351 539 460 577 quam
507 526 805 575 haemorrhagiae,
859 533 981 564 tamen
1023 527 1219 576 aliquando
1264 539 1304 564 ea
1338 526 1419 564 sede
1452 526 1568 569 factae,
1616 526 1677 563 ad„

84 593 221 633 juvant.

149 645 355 683 (feniculum
391 645 619 684 Scnvrzx
637 657 672 688 1,
706 658 782 695 quo
812 647 849 683 in
877 645 1056 684 umbilico
1087 646 1141 683 vir
1169 645 1297 684 doetus
1332 646 1483 696 putabat
1508 646 1674 684 arteriam

82 704 243 742 nostram
274 717 360 744 cum
391 707 526 744 arteriis
563 705 737 754 plaeentae
767 707 974 754 conjungi,
1012 707 1048 742 &
1079 717 1154 754 quo
1183 713 1318 754 rupto,
1352 706 1497 745 easdem
1528 708 1671 756 arterias

81 764 361 813 persuadebatur
391 765 425 802 se
447 765 624 803 retrahere
652 767 728 812 (c)
751 793 761 808 ,
789 778 908 815 neque
934 767 1071 803 amicus
1099 764 1154 803 Cl.
1187 765 1269 802 Viri
1297 766 1431 814 reperit
1465 770 1476 805 (
1498 766 1521 801 d
1541 776 1568 808 i,
1608 777 1671 802 ne-

84 835 156 873 que
188 836 283 872 ego,
332 826 369 861 &
400 825 503 862 facile
532 825 603 867 est,
637 824 844 875 cylindrum
871 825 1084 864 arteriosum
1115 837 1135 862 a
1164 825 1331 875 placenta
1366 827 1406 863 in
1436 832 1576 863 aortam
1609 825 1670 863 ab=

80 882 306 921 dominalem
338 886 563 923 continuare.

140 941 313 982 Occlufio
343 946 554 982 arteriarum
585 944 852 983 umbilicalium
880 944 1063 993 sanguinis
1095 955 1266 994 magnam
1294 943 1378 982 facit
1403 943 1669 983 derivationem

74 1002 117 1041 in
140 1003 332 1051 glutaeam.
367 1003 618 1046 ischiadicam.
650 1004 980 1042 haeinorrhoideam
1016 1005 1195 1048 mediam,
1230 1004 1463 1053 pudendam,
1518 1005 1554 1042 &
1587 1004 1670 1042 reli<

78 1073 169 1110 quas
196 1065 340 1100 arterias
370 1064 554 1112 pelvis(e
573 1061 611 1109 )‚
644 1065 681 1100 in
713 1076 803 1113 quas
835 1065 863 1101 is
889 1076 989 1102 nunc
1020 1063 1162 1112 sanguis
1190 1065 1395 1106 incumbit,
1437 1077 1547 1113 quem
1577 1071 1669 1102 arte=

76 1122 137 1159 riae
174 1122 396 1160 umbilicales
426 1125 464 1160 in
512 1121 587 1159 fetu
620 1122 838 1161 auferebant.
905 1123 975 1161 Sed
1014 1125 1123 1161 etiam
1159 1125 1294 1161 arteria:
1325 1123 1517 1161 femorales
1550 1125 1668 1161 incre=

74 1179 205 1224 suunt,
244 1193 323 1231 quae
341 1183 409 1221 sint
429 1182 613 1220 iliacarum
640 1182 729 1219 alter
762 1195 904 1226 ramus,
949 1183 1144 1233 postquam
1171 1196 1293 1221 ramus
1330 1183 1551 1221 umbilicalis
1587 1182 1669 1221 sub«

73 1238 167 1278 latus
200 1241 260 1279 est.
309 1241 422 1279 Pedes
443 1255 532 1291 ergo
552 1243 774 1280 incrementa
794 1245 962 1292 capiunt,
995 1251 1037 1282 ut
1059 1243 1104 1281 ad
1129 1242 1399 1282 ambulandum·
1421 1243 1536 1280 inf-ans
1561 1243 1668 1280 citius

73 1298 234 1339 sufficiat.
282 1299 433 1342 Eminus
463 1315 549 1340 vero
575 1300 772 1340 neceffariae
797 1303 839 1341 ad
865 1304 1092 1352 pubertatem
1120 1303 1303 1353 sanguinis
1329 1304 1486 1342 ubertati
1510 1305 1577 1340 iter
1604 1313 1667 1352 pa-

72 1368 192 1404 ratur,
223 1361 414 1410 postquam
435 1361 553 1412 longo
579 1361 704 1400 labore
723 1365 931 1413 perexiguae
956 1363 1068 1406 uteri.
1094 1362 1333 1402 veficularum
1355 1363 1604 1407 seminalium.
1628 1362 1666 1401 δε

73 1419 203 1472 reliqui
233 1422 398 1472 pudendi
424 1422 502 1462 vasa
534 1429 641 1462 erunt
676 1422 833 1462 evoluta.

669 1545 705 1587 §-
728 1540 821 1595 ¹IX.
887 1540 1062 1579 Dentitio.

129 1655 250 1696 Prima
276 1658 428 1708 aliqu'us
465 1660 649 1698 momenti
677 1662 858 1703 mutatio.
901 1671 982 1711 quae
1010 1672 1127 1710 porro
1154 1660 1283 1699 infanti
1311 1660 1517 1711 supervenit
1530 1646 1548 1705 ,Δ
1574 1661 1661 1701 deri=

69 1717 162 1756 tium
201 1718 252 1756 est
286 1721 414 1756 exitus.

129 1776 212 1824 Ejus
237 1779 384 1827 quidem
410 1779 622 1816 mutationis
648 1786 815 1828 tempora
841 1780 977 1816 incerta
1006 1778 1112 1822 sunt,
1145 1780 1183 1817 in
1201 1778 1407 1818 universum
1435 1788 1556 1818 tamen
1581 1780 1660 1819 sex-

69 1842 110 1874 to
129 1837 202 1874 fere
230 1837 350 1875 mense
383 1839 492 1887 primi
522 1839 643 1888 pueris
673 1838 800 1877 dentes
835 1847 1058 1888 erumpunt,
1091 1840 1128 1877 &
1158 1838 1347 1882 secundo,
1380 1841 1536 1878 tertiove
1558 1853 1656 1879 anno

71 1896 228 1934 dentitio
259 1897 414 1946 perfetta
445 1898 503 1935 est.

129 1954 288 1995 Coronae
321 1957 486 1995 dentium
505 1985 515 2000 ‚
564 1969 644 2007 quae
681 1957 764 1997 solae
786 1958 954 2002 aderant,
994 1970 1080 1998 cum
1103 1957 1221 1997 homo
1248 1957 1479 2003 nasceretur,
1518 1959 1657 2008 produ*

69 2014 153 2059 Q.
193 2015 332 2055 offeum
368 2029 508 2056 conum
555 2024 764 2058 truncatum
795 2018 957 2057 referunt
982 2021 1044 2068 (a
1065 2019 1082 2065 )
1101 2046 1111 2061 ,
1156 2017 1324 2068 ampliter
1355 2019 1504 2059 inferius
1530 2029 1658 2075 paten7

379 2105 385 2125 ι
1579 2085 1614 2117 te
1619 2090 1659 2123 m,

107 2179 177 2219 (c)
207 2182 258 2212 An
285 2183 404 2220 Deligat.
427 2182 551 2212 umbilic.
575 2181 672 2224 neceffi
701 2194 727 2223 p.
743 2194 769 2222 7.
810 2184 867 2216 Sed
891 2193 929 2215 ne
956 2183 1016 2223 ipse
1037 2182 1155 2222 quidem
1178 2183 1298 2216 viderat.

106 2221 177 2260 (d)
209 2223 307 2253 an
332 2227 436 2252 comm.
469 2226 540 2254 Lm.
565 2233 631 2256 ann.
653 2235 742 2265 ¹7³3·
766 2236 794 2265 p.
817 2235 885 2266 394.

105 2263 169 2299 (e)
207 2265 236 2295 L.
267 2264 406 2295 xxvnl.
436 2274 454 2302 p
483 2274 547 2295 ιιι.

105 2305 175 2342 (a)
211 2305 328 2335 Αιιιιιι
363 2307 504 2336 Adnotat.
533 2306 563 2336 L.
581 2306 616 2338 11.
650 2313 670 2339 t.
692 2317 716 2338 ι.
744 2306 806 2341 ns.
829 2307 858 2340 b.
881 2306 902 2340 f.
922 2316 947 2339 ι.
965 2317 989 2340 c.
1014 2307 1034 2339 f.
1056 2316 1122 2347 j-e.
1146 2312 1166 2339 t.
1186 2317 1213 2340 2.
1239 2306 1341 2347 ξιτ.
1360 2312 1386 2343 8.
1411 2315 1517 2346 ³3-14·
1536 2317 1638 2346 ις.ιιο,

67 2352 116 2379 21.
133 2355 183 2379 η.
199 2353 247 2383 28.
263 2358 314 2386 ²9·
332 2348 378 2386 3⁶·
398 2357 445 2387 ῃ.
465 2352 513 2386 38.
530 2352 582 2385 ⁴⁶·
603 2357 650 2388 ς).
675 2359 722 2388 ς4.
1047 2393 1067 2443 ζ
1122 2394 1142 2442 )

1087 2405 1107 2432 c
1204 2403 1226 2434 ὲ
