1955 2732
321 110 397 161 308
779 110 893 152 LIB.
928 109 1074 151 XXIX.
1135 111 1163 150 F
1193 110 1221 150 E
1252 111 1286 150 T
1315 110 1351 150 U
1381 110 1414 150 S.

430 220 474 260 In
496 220 601 271 pullo
625 221 799 259 incubato
816 249 826 264 ‚
859 219 1007 270 quando
1036 219 1246 257 membrana
1275 219 1452 257 vasculosa
1479 225 1601 258 totum
1628 232 1741 258 ovum
1763 233 1874 260 occu-

317 278 442 327 pavit,
477 279 512 314 ὃς
538 280 613 326 ejus
637 277 715 315 vasa
742 278 786 315 ad
816 277 999 314 summum
1032 276 1180 313 distenta
1207 276 1309 318 sunt,
1343 288 1463 324 neque
1489 276 1526 312 id
1553 277 1795 315 velamentum
1820 278 1875 315 ul-

321 341 375 371 tra
400 334 557 382 proferri
583 334 724 382 potest,
755 340 816 371 aut
848 333 922 380 ejus
953 332 1027 369 vasa
1057 331 1152 369 ultra
1178 331 1344 374 dilatari,
1375 344 1452 369 non
1483 332 1602 369 solum
1629 333 1669 370 fit
1699 335 1736 369 in
1760 334 1875 371 fetum

322 390 499 427 derivatio
519 418 528 433 ,
561 389 621 427 sed
650 390 868 427 membranae
891 387 1081 426 vasculosae
1111 387 1188 425 vasa
1213 388 1451 436 negliguntur
1468 416 1478 430 ‚
1517 389 1552 424 ὃς
1579 390 1787 427 inaniuntur
1799 389 1839 434 i).

436 470 491 508 Eo
512 470 627 508 modo
648 470 807 519 suspicor
834 469 937 512 fieri,
970 476 1012 507 ut
1031 470 1069 505 in
1090 469 1303 506 animalibus
1326 476 1443 517 partes
1470 470 1635 517 corporis
1658 469 1874 513 decrescant,

325 527 362 564 &
394 527 542 564 demum
583 526 820 568 evanescant,
849 526 950 575 quod
980 525 1147 574 frequens
1173 525 1247 567 est,
1280 532 1322 562 ut
1342 525 1521 562 branchiae
1543 525 1580 568 k)
1597 554 1607 567 ,
1641 526 1676 561 &
1703 525 1816 563 cauda
1838 527 1876 562 in

323 595 407 620 rana
436 582 663 632 perfectiori,
698 583 734 619 &
756 583 876 631 pinnae
895 581 924 626 l)
944 582 1067 619 culicis
1081 594 1092 627 3
1125 581 1184 618 sed
1206 593 1244 618 ea
1271 581 1420 630 quidem
1446 582 1651 628 conjectura
1673 582 1732 619 est⁴

653 699 686 740 ἓ.
722 694 851 734 XXII.
884 740 889 747 .
916 694 1030 744 Causae
1048 723 1058 738 ‚
1091 706 1162 741 quae
1193 695 1232 731 in
1259 695 1406 732 humore
1433 693 1552 731 latent.

436 783 662 822 Alimentum
689 786 836 823 uberius
872 785 917 823 ad
951 785 1214 822 derivationem
1238 786 1396 833 pertinet
1414 812 1424 826 ,
1456 784 1598 832 parcius
1624 781 1669 820 ad
1704 782 1877 822 revulsio-

324 851 418 877 nem.
479 841 535 877 Ab
561 841 624 878 illo
652 843 756 890 pueri
782 842 992 890 grandiores
1009 870 1017 884 ,
1052 840 1252 879 obefiores:
1284 842 1327 877 ab
1350 841 1416 877 isto
1450 839 1642 887 malignius
1671 839 1759 888 pasti
1795 852 1876 888 gra-

324 896 409 933 ciles
426 924 437 938 ,
469 897 513 933 ab
541 898 735 934 accedente
768 898 918 936 demum
942 896 1119 947 pressione
1142 899 1179 933 in
1202 906 1308 934 utero
1340 895 1412 933 elisi
1428 924 1438 938 ‚
1472 896 1592 945 quales
1612 897 1686 932 vidi
1711 897 1772 932 vix
1795 908 1877 945 per-

324 963 476 1000 gamena
503 951 623 990 charta
649 953 686 998 a)
714 953 919 997 craffiores,
953 955 989 991 &
1016 955 1123 990 etiam
1143 953 1202 989 alii
1224 953 1401 990 viderunt.

437 1032 663 1071 Alimentum
687 1035 783 1071 varie
812 1041 1028 1083 corruptum
1050 1034 1290 1071 nutritionem
1316 1035 1411 1070 varie
1434 1031 1647 1081 corrumpit.
1692 1030 1877 1081 Scrophu-

324 1087 442 1125 losum
466 1101 648 1127 venenum
667 1102 685 1126 a
704 1096 837 1132 matre,
863 1097 925 1127 aut
946 1103 965 1127 a
989 1091 1130 1127 nutrice
1149 1092 1187 1126 in
1212 1101 1368 1138 puerum
1396 1088 1517 1125 tranfit
1531 1117 1540 1131 ,
1566 1089 1692 1137 capitis
1712 1089 1747 1124 δι
1767 1087 1876 1137 hepa-

324 1145 370 1182 tis
392 1145 531 1182 molem
554 1154 685 1194 auget,
717 1147 755 1182 in
778 1146 964 1194 glandulas
986 1146 1174 1196 lympham
1195 1144 1460 1194 coagulabilem
1485 1144 1602 1182 albam
1626 1143 1788 1182 effundit.

438 1225 649 1264 Venereum
672 1239 852 1265 venenum
874 1227 945 1265 alio
966 1227 1080 1265 modo
1103 1228 1141 1264 in
1163 1225 1234 1264 offa
1252 1226 1348 1264 saevit
1370 1254 1380 1269 ,
1414 1233 1536 1264 cutem
1567 1225 1686 1262 erodit
1709 1253 1719 1268 ,
1755 1224 1876 1262 ulcera

325 1281 410 1319 facit
436 1282 586 1320 subinde
605 1285 836 1322 recurrentia.

435 1363 505 1401 Sed
529 1365 567 1402 in
592 1364 800 1403 universum
817 1393 827 1407 ‚
859 1370 901 1402 ut
924 1377 943 1401 a
962 1364 1100 1401 morbis
1124 1363 1161 1400 in
1187 1362 1354 1400 ordinem
1376 1362 1563 1400 redeamus
1577 1389 1587 1405 ,
1620 1361 1737 1399 fluidae
1757 1369 1875 1412 partes

326 1422 514 1469 corporis,
540 1432 609 1469 pro
638 1420 698 1458 sua
728 1420 851 1457 indole
870 1448 879 1464 ,
914 1420 1040 1458 solidas
1069 1420 1162 1457 varie
1191 1419 1433 1457 conformant.

440 1500 582 1538 Terreae
612 1501 795 1549 particulae
815 1503 852 1538 in
881 1501 952 1538 sani
977 1501 1136 1538 hominis
1165 1500 1336 1537 arterioso
1367 1499 1539 1548 sanguine
1558 1498 1660 1541 sunt,
1694 1510 1773 1548 quae
1794 1497 1875 1536 offi-

327 1556 392 1592 bus
425 1557 512 1593 dant
535 1557 631 1594 suam
657 1557 835 1594 duritiem.
898 1558 1111 1594 Absunt‘eae
1145 1569 1162 1592 a
1192 1556 1377 1594 nonnullis
1410 1556 1620 1592 mortalibus
1637 1554 1695 1598 h):
1729 1556 1770 1592 iis
1803 1554 1875 1593 offa

329 1611 457 1649 flexilia
489 1620 550 1650 aut
580 1622 727 1650 manent
753 1622 815 1651 aut
839 1613 938 1650 fiunt.
999 1612 1114 1649 Etiam
1156 1614 1191 1649 in
1226 1611 1403 1661 paludosis
1445 1613 1536 1648 circa
1566 1611 1785 1649 Comorram
1811 1623 1876 1648 ne-

327 1676 413 1715 gant
439 1670 476 1705 in
508 1670 586 1705 ovis
614 1670 738 1706 testam
763 1671 939 1718 reperir1'3
974 1676 1015 1706 ut
1032 1666 1179 1706 necesse
1208 1667 1271 1711 fit,
1306 1670 1342 1705 in
1360 1668 1499 1716 gallinae
1520 1667 1737 1705 humoribus
1761 1675 1874 1705 mate-

328 1725 415 1761 riem
449 1724 634 1762 calcariam
657 1724 844 1763 desiderari
864 1739 873 1763 z
903 1733 1038 1774 negant
1060 1727 1166 1762 etiam
1192 1726 1233 1761 iis
1256 1725 1345 1762 locis
1366 1724 1494 1761 solidas
1514 1725 1550 1760 in
1572 1723 1723 1773 pedibus
1739 1725 1876 1760 anima-

329 1780 416 1818 lius-n
447 1781 600 1829 ungulas
623 1780 689 1818 effe
705 1782 749 1825 c).

439 1861 605 1899 Difflatio
624 1890 632 1903 ‚
666 1874 744 1910 qux
774 1861 813 1898 fit
848 1861 1101 1902 exhalatione,
1136 1868 1197 1898 aut
1220 1862 1257 1896 in
1281 1872 1398 1897 aerem
1419 1889 1427 1903 ‚
1460 1867 1521 1897 aut
1545 1872 1608 1909 per
1636 1871 1748 1908 poros
1775 1860 1874 1896 inor-

328 1918 476 1963 ganicos
494 1946 502 1959 ‚
537 1917 625 1954 dura
652 1918 766 1960 facit,
801 1930 879 1966 quae
908 1927 1008 1954 erant
1034 1917 1165 1954 mollia.
1232 1916 1430 1965 Fpidermis
1460 1929 1537 1952 non
1566 1917 1709 1964 potest,
1742 1914 1805 1951 nifi
1830 1926 1875 1951 ex

328 1971 442 2012 fluido
462 1974 603 2022 glutine
629 1974 753 2017 nasci,
786 1974 830 2012 de
855 1986 930 2024 quo
958 1986 1016 2011 uer
1042 1973 1078 2010 id
1103 1972 1302 2015 abstulerit,
1333 1972 1434 2022 qnod
1454 1972 1618 2022 aquofius
1642 1973 1763 2011 inert.
1804 1970 1874 2008 Ex-

1697 2026 1870 2069 halando,

371 2127 393 2154 1³3
418 2124 486 2154 ibid.
515 2135 542 2162 p.
564 2135 610 2163 34.

371 2167 401 2198 k)
425 2175 451 2200 p.
471 2174 531 2199 123.

370 2205 395 2234 l>
419 2205 449 2234 In
464 2205 554 2234 culice
569 2205 709 2235 Damam
729 2205 830 2243 Plgay'r'c.
846 2207 925 2235 theol.
942 2205 972 2236 I.
984 2206 1032 2236 ΠῘ.
1047 2216 1072 2236 c.
1089 2210 1114 2236 6.

373 2265 405 2282 ιι)
428 2256 585 2291 p.1.(i.Vix
601 2247 616 2294 ἑ
633 2257 722 2285 uncize
739 2256 839 2286 tra-{sus
854 2259 882 2286 in
898 2258 1027 2294 placenta
1041 2257 1144 2286 matrix}
1157 2257 1271 2285 intumis
1288 2259 1379 2286 Nom.
1394 2255 1505 2286 decorem.
1527 2255 1568 2285 ’Ίπνι-
1582 2259 1605 2286 [c
1620 2258 1719 2286 nudae.
1737 2260 1817 2290 ¹¹'379-
1830 2265 1870 2285 η.

370 2296 386 2323 ἐι
424 2295 454 2323 ln
472 2295 609 2325 samnitico
627 2296 760 2326 laura.
779 2299 860 2326 morli
877 2297 1007 2337 exstric‘i.
1021 2299 1110 2336 gland
1137 2306 1162 2333 p.
1182 2305 1209 2324 n.
1235 2296 1359 2326 Goocn.
1375 2297 1457 2333 ska-'fn
1484 2298 1554 2326 Pn'.
1576 2295 1679 2335 Twnf
1696 2296 1732 2325 T.
1745 2295 1871 2326 XLvm.

332 2345 360 2363 n.
373 2346 400 2367 4-
425 2336 480 2364 Sed
495 2336 578 2372 paulo
594 2336 654 2373 post
670 2336 713 2365 his
730 2336 806 2365 locus
824 2338 889 2366 erit„

372 2387 400 2411 z)
424 2374 595 2405 Duvmrizx
607 2399 613 2405 .
630 2377 735 2408 mulmi'.
749 2379 793 2406 des
809 2380 885 2408 οῐΙῙ.
901 2387 928 2414 p.
948 2386 1012 2415 340.
