1955 2732
332 117 409 154 288
789 98 903 149 ΗΒ.
938 110 1083 149 XXIX.
1145 111 1172 150 F
1201 109 1231 150 Ε
1263 111 1296 150 T
1325 110 1361 149 U
1391 110 1423 149 S.

329 221 420 256 intra
443 228 505 266 24.
527 216 635 262 hogas
656 218 793 256 arteriae
811 219 1030 256 membranae
1049 218 1264 257 umbilicalis
1280 219 1361 269 plus
1376 218 1514 269 duplo,
1547 219 1583 256 &
1604 219 1679 257 aliis
1706 229 1767 267 24.
1784 219 1884 259 horis

331 277 464 313 iterum
488 275 570 325 plus
598 273 713 323 duplo
740 275 892 312 extensae
916 274 1073 312 fuerunt.

439 355 528 394 Haec
557 357 594 392 in
627 354 713 392 vafis
739 355 888 401 liberi53
928 369 1012 392 uam
1044 369 1109 398 ea,
1151 368 1229 405 quae
1261 356 1369 394 alicui
1410 358 1575 406 corporis
1618 359 1711 406 parti
1741 358 1884 396 adtcnsa

326 413 407 451 sunt
434 441 443 456 ,
477 424 562 449 cum
584 423 662 448 eam
684 419 823 460 partem
843 412 964 449 secum
986 412 1210 461 producant,
1228 414 1345 450 multo
1361 413 1490 450 lentius
1510 415 1729 451 increscent:
1761 426 1885 451 exem-

327 469 390 518 plo
419 476 564 506 artuum
586 496 595 510 ,
630 467 832 517 offiumque
852 496 861 510 ,
896 470 931 505 ἃ
959 469 1109 506 demum
1139 468 1294 506 universi
1325 469 1428 506 fetus.
1491 468 1576 507 Offa
1608 472 1706 507 enim
1727 498 1736 512 ,
1776 473 1885 508 etiam

326 526 389 562 sub
422 526 600 574 piincipia
633 524 903 567 incubationis‚
937 526 1030 562 intra
1050 527 1181 573 vigniti
1205 533 1362 575 quatuor
1386 525 1492 562 horas
1514 525 1713 564 secundum
1732 526 1800 563 hos
1817 539 1885 565 nu-

331 593 403 618 me
401 594 452 618 os
476 580 679 618 increscunt
706 584 946 636 9.10-.14¹.
977 585 1051 634 173.
1075 589 1135 619 26.
1161 589 1219 626 36.
1241 581 1291 625 m>
1318 583 1355 618 in
1378 583 1519 619 ratione
1550 595 1682 631 nempe
1713 595 1790 620 non
1822 595 1886 634 pe-

327 639 422 675 nitus
454 637 567 686 seiqui
594 636 711 673 altera.
773 635 906 680 Fetus,
940 640 1073 687 patitei
1094 650 1114 675 a
1143 639 1201 675 die
1229 638 1330 675 sexto
1351 636 1398 686 n)
1421 640 1526 675 initio
1549 638 1664 681 raeco,
1685 639 1884 676 secundum

326 694 393 731 hos
422 706 596 732 numeros
620 694 774 730 increvit
798 693 1305 744 852.112.133-.136}‚.0>
1335 701 1419 738 188.
1454 696 1490 732 δε
1518 707 1582 744 per
1608 695 1786 743 ejusmodi
1815 697 1884 732 mi-

333 762 423 787 nora
445 749 639 787 intervalla.

439 830 525 868 Huc
555 832 713 880 pertinet
742 831 921 880 imprimis
945 832 1216 875 arteriae2flexae
1235 833 1271 869 δι
1297 831 1436 881 plicatae
1451 860 1460 874 ‚
1493 832 1532 869 in
1550 831 1802 870 rectitudinem
1821 844 1885 872 ex-

327 887 508 937 porrec‘tio
532 915 541 928 ‚
584 899 655 936 qua
684 887 804 924 subito
831 900 1008 936 magnum
1043 890 1081 925 in
1119 889 1352 937 longitudine
1379 890 1647 926 incrementum
1683 889 1881 927 obtinetur.

327 943 412 982 Huc
430 943 594 981 evolutio
618 944 754 980 alarim
774 944 993 993 papili011i5‚
1027 956 1106 994 quae
1130 946 1174 983 ab
1209 945 1366 982 humore
1390 946 1427 982 &
1458 957 1539 982 aere
1571 946 1609 982 in
1645 945 1795 984 nervosa
1825 958 1884 984 va-

329 1001 361 1037 sa
389 1000 525 1037 alarum
551 1001 710 1037 irruente
732 1000 939 1049 inpervenit
955 999 1005 1047 p).

437 1080 528 1119 Haec
549 1082 587 1118 in
613 1081 741 1118 arteria
761 1081 854 1118 recta
872 1082 908 1118 ὃς
930 1093 1009 1131 quae
1029 1081 1145 1119 libero
1175 1080 1246 1119 fine
1260 1080 1309 1118 fit.
1341 1080 1385 1119 In
1407 1082 1533 1119 arteria
1557 1080 1673 1126 fiexa,
1707 1081 1883 1121 flexiones

328 1138 421 1176 fiunt
441 1139 632 1180 acutiores,
654 1139 738 1187 quia
756 1138 873 1186 prima
891 1138 977 1175 vasis
1000 1138 1093 1175 linea
1112 1137 1204 1176 uitia
1221 1137 1414 1175 secundam
1433 1138 1658 1186 producitur.
1692 1139 1762 1176 Sed
1775 1141 1885 1177 etiam

326 1207 390 1244 per
420 1196 692 1232 incrementum
719 1195 857 1231 canales
874 1222 884 1237 ,
920 1196 984 1244 qui
1008 1195 1094 1233 resti
1126 1194 1297 1236 fuerunt,
1329 1201 1531 1243 potuerunt
1558 1196 1685 1233 intorti
1713 1195 1788 1233 fieri
1808 1224 1818 1239 ,
1860 1195 1886 1233 fi

327 1251 407 1288 finis
433 1252 570 1287 arteriae
596 1250 723 1299 aliquis
754 1251 930 1288 restiterit.
994 1250 1049 1288 Eo
1081 1250 1196 1288 modo
1226 1251 1320 1288 nasci
1357 1258 1449 1299 puto
1484 1250 1588 1288 illum
1615 1251 1786 1289 carotidis
1821 1252 1885 1289 sub

327 1309 451 1345 cranio
479 1307 677 1344 anfrachm
699 1307 762 1353 q),
795 1308 927 1356 partim
952 1319 971 1344 a
1003 1307 1175 1357 sanguine
1201 1308 1275 1355 ejus
1306 1308 1441 1344 arteriae
1465 1308 1502 1343 in
1532 1307 1725 1345 secundam
1752 1307 1885 1345 lineam

327 1364 457 1401 canalis
475 1391 485 1405 ‚
517 1375 581 1412 per
595 1365 759 1402 cranium
773 1365 1016 1413 penetrantis,
1044 1364 1158 1408 illiso,
1186 1364 1222 1402 δι
1243 1365 1376 1415 partim
1400 1375 1419 1401 a
1447 1362 1639 1402 resistentia
1669 1365 1745 1412 ejus
1771 1376 1886 1413 angu-

327 1419 354 1456 li
388 1418 483 1457 ossei.

823 1504 857 1546 §.
890 1499 982 1544 XV.
1041 1501 1190 1539 Arteria
1219 1500 1402 1539 dilatatur.

439 1580 537 1619 Cum
562 1580 659 1618 nulla
686 1582 813 1619 arteria
847 1582 979 1632 absque
1013 1582 1190 1632 preffione
1211 1582 1347 1620 laterali
1369 1582 1409 1619 fit
1429 1583 1467 1627 cz)
1488 1594 1495 1619 :
1533 1594 1618 1620 cum
1632 1595 1683 1620 eea
1710 1589 1884 1631 augeatur

329 1649 416 1676 cum
447 1640 551 1675 omni
579 1637 738 1676 flexione
756 1666 766 1680 ,
799 1651 885 1676 cum
912 1641 1016 1676 omni
1046 1639 1233 1676 obstaculo
1251 1639 1313 1683 lv),
1348 1651 1433 1676 cum
1460 1641 1563 1676 omni
1593 1639 1881 1689 compreffione,

329 1697 437 1732 etiam
458 1696 496 1731 in
522 1695 731 1744 embryonis
756 1697 891 1732 arteriis
919 1697 986 1732 erit
1008 1695 1137 1744 preffio
1155 1724 1164 1739 ‚
1199 1695 1410 1744 sanguinem
1424 1695 1469 1732 ad
1486 1696 1788 1745 perpendiculum
1809 1698 1884 1734 axis

329 1763 491 1799 urgens:
524 1752 560 1788 &
592 1752 667 1798 ejus
697 1751 791 1788 fetus
820 1752 955 1788 arteriae
985 1752 1178 1800 pulsabunt
1193 1751 1228 1795 c)
1250 1780 1260 1795 ,
1293 1759 1336 1790 ut
1359 1753 1398 1789 in
1425 1754 1562 1789 artesiis
1591 1751 1695 1789 cordi
1727 1754 1882 1796 vicinis,

332 1809 366 1844 ἃ
396 1809 432 1844 in
456 1807 720 1844 umbilicalibus
753 1809 972 1853 membranis
995 1808 1099 1847 facile
1127 1809 1176 1846 est
1198 1808 1330 1846 videre.
1390 1809 1531 1847 ArterIa
1557 1820 1647 1857 ergo
1669 1821 1748 1847 non
1771 1808 1884 1858 longa

331 1862 460 1907 simul,
491 1864 550 1901 sed
577 1865 612 1901 δε
640 1863 710 1901 lata
735 1863 806 1901 fiet.

1764 1975 1884 2015 Multa

373 2086 418 2121 m)
433 2084 654 2127 Accrciffl‘ment
670 2088 716 2117 des
730 2099 779 2124 os,
801 2083 899 2118 table
891 2098 907 2117 a
920 2086 948 2118 la
962 2086 1002 2117 fin
1021 2087 1058 2117 de
1073 2086 1100 2116 la
1115 2095 1180 2117 zme
1191 2097 1222 2126 p.

376 2134 410 2163 n)
432 2129 527 2157 Fornz
545 2129 728 2164 άιιΡοιιΙεεΙ
748 2138 772 2165 p.
788 2139 836 2164 49
855 2139 898 2163 50.

375 2169 405 2203 o)
427 2167 496 2197 Haec
517 2167 601 2197 nimis
625 2178 711 2205 parca
730 2169 879 2205 mensura,
894 2166 956 2199 casu
972 2177 1008 2199 ex
1020 2167 1178 2199 minoxibus
1191 2168 1253 2198 ovis
1267 2173 1353 2204 nata,
1368 2165 1508 2198 debuerat
1524 2165 1561 2198 ad
1578 2169 1641 2198 160.
1659 2164 1842 2198 adscendere.

372 2209 405 2245 p)
427 2218 452 2244 ρ
479 2217 540 2243 ¹44-

374 2251 406 2287 q)
431 2247 459 2278 L.
480 2248 509 2278 X
536 2258 563 2285 p.
580 2253 644 2281 118.

374 2290 406 2319 α)
431 2288 459 2318 L.
478 2288 521 2318 Vl.
538 2297 565 2326 p.
586 2297 652 2326 233.
666 2297 732 2327 235.

376 2330 408 2360 h>
430 2328 500 2358 ibid.

376 2372 405 2405 c)
427 2378 456 2406 p.
474 2374 540 2406 238.
553 2377 620 2405 242.
