1955 2732
360 143 439 177 με,
840 126 927 166 ΜΒ.
962 126 1108 166 xxm:
1171 128 1197 166 ir
1230 129 1256 167 E
1288 129 1320 168 T
1351 129 1386 167 U
1416 129 1449 168 s,

471 236 561 275 Inde
585 237 826 275 mamimus
854 235 983 272 luem
1004 235 1042 280 d)
1064 236 1225 274 medicus
1250 236 1345 273 stetit
1361 264 1370 276 ,
1395 237 1650 287 adstipulatore
1668 238 1721 277 Cl.
1743 239 1918 280 Cum-:sz-

358 306 409 331 no
437 293 636 344 professore
660 294 903 341 Groningano
922 304 938 327 ε
981 320 989 333 ,
1026 293 1061 329 Sc
1092 292 1168 341 ipso
1196 292 1270 330 lu„
1302 292 1503 331 Comi-:Ro
1519 293 1575 343 f).
1615 294 1675 332 Isti
1695 296 1915 341 detendunt,

356 351 473 388 fetum
495 351 531 387 &
551 351 741 399 respirare,
772 350 808 385 Sc
840 348 991 385 clamare
1009 351 1054 397 g)
1080 351 1117 385 iu
1143 351 1271 399 vagina
1290 349 1332 393 h)
1348 378 1356 391 .
1391 350 1428 387 &
1454 351 1604 388 demum
1631 352 1669 388 in
1693 359 1798 390 utero
1820 354 1918 403 posse

357 406 527 456 respirare
555 409 598 451 i),

467 487 689 526 Adfirmabat
698 487 752 524 Cl.
760 485 769 523 l
778 497 888 523 mmm
898 486 948 529 k),
963 485 995 523 se
1010 485 1126 536 ipsum
1139 485 1355 524 clamantem
1369 487 1407 524 in
1422 487 1551 536 vagina
1567 499 1724 537 puerum
1733 489 1911 529 audivisse.

466 568 629 618 Aliquod
663 567 770 615 hujus
804 567 876 605 litis
916 569 954 604 in
991 568 1171 605 medicina
1205 567 1337 605 forenfi
1368 576 1601 607 momentum
1637 570 1695 606 est.
1755 570 1792 607 Si
1817 573 1916 609 enim

353 625 444 663 fetus
469 626 506 661 in
531 627 659 673 vagina
693 624 864 674 respirare
885 624 1022 673 potest,
1048 626 1186 694 pfferit
1208 624 1394 673 pulmonis
1416 625 1523 662 status
1546 637 1593 663 ex
1618 626 1808 676 compafio
1833 639 1915 666 mu-

353 683 420 719 tari
445 683 483 718 in
510 681 694 719 natatilem
715 709 726 723 ,
759 682 795 718 &
819 682 1080 718 condemnatio
1103 690 1262 718 matrum
1283 694 1359 719 non
1388 681 1530 719 videtur
1559 681 1691 720 eodem
1718 685 1796 731 jure
1820 686 1910 727 niti,

353 739 498 787 quoties
524 738 608 775 ideo
639 737 855 775 infanticidii
895 750 962 775 reae
996 737 1204 784 judicantur
1225 765 1234 780 ,
1280 739 1365 787 quia
1395 738 1524 786 pulmo
1566 738 1711 775 infantis
1749 741 1911 783 natavit,

353 806 465 843 quem
490 794 572 832 sunt
600 795 724 832 enixae.
769 793 936 843 Superest
964 796 1060 831 enim
1086 793 1315 832 luculentum
1343 794 1522 843 effugium
1539 823 1549 838 ,
1581 794 1782 843 respirasse,
1824 795 1914 834 dum

352 862 417 900 per
442 852 611 899 vaginam
632 849 791 893 transsit,
836 863 956 900 neque
979 851 1071 887 adeo
1100 852 1173 887 vim
1206 863 1225 887 a
1255 858 1369 887 matre
1399 849 1537 900 passum
1572 849 1647 888 effe.

463 931 576 968 Nunc
592 931 742 981 quidem
763 940 903 969 certum
921 932 989 974 est,
1018 933 1055 968 in
1091 932 1167 969 fetu
1195 931 1308 980 longe
1334 931 1550 981 plerumque
1578 932 1796 980 pulmonem
1822 932 1912 970 den-

350 988 428 1024 sum
455 986 523 1024 effe
544 1016 554 1030 ,
587 987 673 1025 hinc
696 987 919 1037 compreffos
940 988 1068 1026 anulos
1099 987 1227 1036 asperae
1249 990 1384 1026 arteriae
1409 987 1629 1037 pulmonalis
1653 1016 1662 1030 ,
1695 1000 1814 1037 neque
1838 991 1909 1027 aeri

350 1044 455 1081 facile
470 1043 625 1081 acceffos
643 1057 651 1081 ε
686 1043 803 1082 Etiam
822 1052 922 1082 extra
943 1043 1161 1093 pulmonem
1182 1045 1207 1081 ii
1225 1044 1322 1082 anuli
1346 1046 1383 1081 in
1408 1045 1484 1081 fetu
1501 1046 1671 1094 proxime
1697 1044 1741 1082 ad
1765 1045 1798 1082 se
1819 1046 1911 1084 invi-

349 1112 430 1138 cem
446 1100 589 1138 addudi
604 1100 685 1138 sunt
703 1100 749 1150 l).
783 1100 898 1138 Porro
920 1100 1106 1150 pulmonis
1125 1112 1226 1137 aerea
1251 1100 1346 1142 vasa,
1376 1100 1561 1150 ipsamque
1585 1100 1737 1139 fistulam
1764 1101 1902 1150 spirita-

348 1156 422 1193 lem
436 1156 488 1201 m)
500 1185 508 1199 ,
524 1156 735 1195 flavescente
747 1186 756 1199 ,
780 1165 841 1195 aut
855 1157 1063 1195 subrubello
1074 1169 1186 1194 muco
1201 1157 1330 1206 plenos
1349 1156 1418 1194 esse
1436 1157 1585 1200 constat,
1605 1165 1645 1195 ut
1660 1157 1749 1206 saepe
1769 1157 1906 1196 necesse

349 1212 391 1250 fit
413 1216 456 1260 n«)
485 1225 570 1251 eum
597 1213 642 1251 de
664 1213 823 1263 pulionis
848 1226 912 1251 ore
934 1213 1092 1256 solvere,
1127 1213 1164 1250 ἃ
1195 1215 1338 1251 vomitu
1359 1213 1509 1252 demum
1534 1214 1633 1251 idem
1657 1214 1839 1261 rejiciatur
1857 1216 1904 1257 o).

462 1294 610 1332 Deinde
630 1295 808 1344 plurimos
844 1295 961 1337 fetus,
997 1296 1034 1333 &
1068 1294 1248 1332 humanos
1262 1294 1304 1343 p)
1321 1323 1331 1338 ,
1366 1296 1403 1332 ὃς
1426 1295 1674 1333 robustiorum
1700 1294 1907 1344 quadrupe-

348 1351 424 1389 duu
446 1379 457 1393 ‚
493 1351 641 1400 quando
666 1353 705 1388 in
729 1364 849 1389 aerem
874 1351 1031 1390 liberum
1058 1351 1306 1394 emerserunt,
1340 1351 1459 1390 multo
1492 1363 1599 1400 egere
1629 1359 1799 1401 tempore
1817 1379 1828 1395 ‚
1868 1363 1909 1390 ut

347 1418 468 1446 aerem
488 1415 631 1456 captare
656 1407 799 1456 possint.

458 1487 538 1533 Qui
560 1489 746 1525 immaturi
769 1488 863 1525 fetus
893 1489 931 1525 in
952 1488 1074 1527 lucem
1104 1487 1191 1525 editi
1221 1487 1329 1531 sunt,
1362 1500 1424 1526 eos
1462 1488 1536 1526 fere
1569 1488 1725 1536 legimus
1741 1485 1781 1537 q)
1812 1500 1908 1526 nun-

348 1555 458 1593 quam
482 1556 617 1581 vocem
642 1543 796 1581 edidisse.
832 1543 974 1601 Voffim
994 1553 1076 1582 ante
1098 1551 1244 1593 partum
1268 1545 1434 1582 animalia
1454 1557 1531 1582 non
1556 1544 1668 1582 edunt
1679 1543 1726 1588 ν).
1800 1600 1833 1638 A

1027 1612 1028 1615 ’
1834 1601 1905 1639 dde

387 1678 420 1709 d)
444 1679 587 1716 Gedagten
603 1688 648 1708 om
664 1678 711 1707 het
725 1680 834 1716 dryvcn
847 1689 881 1708 en
895 1680 998 1708 zinkcn
1010 1679 1060 1707 der
1075 1679 1154 1716 longe
1165 1680 1347 1708 Leeuwaard
1363 1687 1445 1715 1739.
1464 1679 1502 1714 Sc?
1514 1679 1626 1717 vervolg
1643 1681 1692 1708 der
1704 1681 1842 1717 gedagten
1860 1684 1902 1710 16.

345 1719 404 1746 eod.
421 1729 482 1746 ann
519 1718 557 1755 ἐξ
581 1720 722 1748 rmreeden
745 1731 785 1748 na
806 1722 840 1749 de
858 1723 996 1757 geilugten
1014 1719 1083 1749 ibid.
1107 1728 1191 1756 1740.
1216 1721 1253 1748 ih.
1278 1719 1316 1755 (ἐξ)
1342 1720 1459 1757 noodige
1479 1717 1604 1759 tuffchen
1620 1720 1751 1762 inspraak
1771 1730 1835 1749 over
1858 1721 1905 1750 het

347 1759 456 1795 dryzven
473 1758 531 1794 &a
557 1761 746 1788 Leeumaard.
770 1769 852 1795 1741.
870 1770 896 1796 p.
910 1770 936 1795 4.

388 1800 414 1831 e)
436 1801 511 1828 Knrt
529 1805 662 1836 onmerp
681 1810 740 1828 van
757 1802 790 1830 ile
808 1799 887 1839 eerste
902 1801 1068 1837 inademing
1095 1800 1233 1837 Groning.
1262 1808 1346 1837 1740.
1374 1809 1402 1837 p.
1419 1809 1446 1835 4.
1475 1799 1514 1835 ἔξ
1531 1801 1622 1838 herigt
1644 1810 1709 1829 over
1725 1800 1770 1830 het
1793 1801 1904 1838 dryven

348 1838 410 1874 Εςῗε.
429 1841 619 1868 Leeuwimrd.
635 1849 661 1874 4.

379 1878 416 1916 f)
438 1877 521 1916 filos
541 1880 776 1910 {sm-handemll.

383 1922 416 1957 g)
439 1919 594 1949 Caci-‘zain
610 1926 751 1957 onmerp.
768 1930 795 1957 p.
813 1930 857 1950 11.
882 1920 987 1950 Ruris.
1008 1922 1041 1950 in
1056 1921 1121 1963 disp.
1140 1921 1237 1958 Pragae
1253 1919 1342 1950 edita,

386 1960 418 1995 h)
443 1959 587 1989 Caonzaa
611 1967 752 1998 antwerp.
773 1971 800 1999 p.
820 1969 867 1998 23.

387 2002 413 2032 i)
435 2010 464 2037 p.
480 2009 524 2035 24.
542 2000 610 2029 ibid.

386 2041 417 2076 k)
438 2041 673 2078 Aanmerkingen
686 2050 714 2078 p.
730 2046 758 2075 3,
787 2041 827 2078 &⁹
845 2041 958 2079 vervolg
973 2042 1023 2071 der
1036 2041 1183 2080 gedanken
1195 2050 1223 2079 p.
1242 2050 1289 2071 21.
1315 2040 1407 2071 Etiam
1427 2040 1560 2079 exempla
1573 2041 1642 2072 citat
1672 2041 1828 2071 Cnonzu.
1849 2051 1901 2072 aaa·

345 2081 396 2109 der
418 2082 521 2118 hetoog.
545 2089 572 2115 p.
592 2090 618 2117 7.

394 2121 418 2157 l)
444 2121 551 2149 Ρετιτ.
571 2122 656 2151 Mem
685 2123 718 2150 de
736 2130 818 2158 1733.
834 2131 861 2159 p.
880 2130 906 2158 7.

386 2160 429 2196 m)
446 2160 622 2190 Roumzssssa.
645 2163 742 2192 Satur.
760 2172 786 2198 p.
803 2165 846 2198 3⁶·
873 2161 1014 2191 ΚΛΛυπ.
1028 2170 1056 2191 n.
1077 2164 1142 2196 165.
1167 2162 1216 2192 111e
1235 2172 1286 2199 pro
1300 2161 1423 2191 humore
1436 2162 1524 2192 amnii
1536 2161 1623 2191 habet
1635 2184 1643 2197 ,
1662 2162 1711 2192 iste
1737 2159 1899 2193 craffiorem

346 2200 400 2229 esse
424 2208 530 2230 mouet.
567 2201 702 2230 Nativum
720 2211 836 2231 mucum
854 2201 909 2231 esse
927 2208 998 2240 puto
1011 2223 1020 2237 ,
1043 2201 1081 2232 fic
1098 2201 1206 2231 Ps'ri‘r.
1226 2202 1244 2232 l.
1259 2212 1284 2233 c.
1301 2212 1329 2239 p.
1345 2211 1369 2239 7.

385 2241 419 2271 nl
446 2241 621 2270 Rossnssum„
637 2241 733 2270 Satur.
754 2251 782 2278 p.
803 2251 846 2279 39.

384 2288 414 2316 0)
439 2282 518 2310 lnam
539 2280 607 2312 ibid.

381 2324 415 2358 p)
439 2321 468 2351 L.
481 2321 552 2350 Vlll.
570 2331 595 2359 p.
611 2330 677 2355 ως,
704 2321 883 2350 Ronmzann.
902 2324 999 2352 Satur.
1014 2332 1043 2359 p.
1061 2331 1107 2357 25.

385 2366 416 2399 q)
438 2361 462 2396 J.
490 2372 514 2390 v.
540 2361 656 2391 Hoimz
672 2361 704 2391 ll.
726 2360 844 2399 hrefom
862 2362 1030 2399 drifwande
1045 2364 1093 2392 och
1105 2362 1270 2400 stunkande
1294 2363 1410 2401 lungun.
1429 2373 1458 2400 p.
1478 2368 1522 2398 ¹8.
1546 2362 1620 2393 Ante
1640 2369 1698 2392 tres
1717 2361 1826 2393 menses
1844 2363 1898 2393 Lu.

345 2410 427 2429 vxiz‘r
444 2410 469 2437 p.
484 2410 550 2437 4¹7·
576 2401 824 2430 Mammam„
838 2410 916 2439 p.79.
935 2402 1081 2432 semestris
1091 2403 1166 2433 fetus
1177 2404 1306 2433 nondum
1317 2402 1421 2434 vocalis
1433 2403 1670 2434 Dux-innume.
1683 2402 1896 2441 senimmatur.

384 2445 415 2478 r)
436 2441 589 2472 Λιιιετοτ.
601 2440 661 2480 hffl.
675 2441 703 2471 L.
718 2441 776 2471 vn.
792 2452 817 2473 c.
836 2451 879 2472 10.
