1955 2732
314 123 327 148 1
341 123 389 149 ιω
789 107 884 148 ΠΒ.
917 92 1063 147 XXIX.
1126 106 1153 145 F
1183 106 1212 145 E
1241 106 1276 145 T
1306 107 1342 146 U
1369 107 1402 146 s.

305 220 374 256 erit
401 218 564 257 adultus:
597 217 656 255 sed
674 217 805 255 habere
823 224 961 267 partes,
995 228 1150 266 quarum
1177 227 1248 253 una
1276 214 1358 264 post
1387 215 1492 253 aliam
1514 215 1715 263 evolvitur3
1746 229 1866 267 neque

306 276 379 314 <lici
405 273 505 324 posse
523 303 533 318 ,
566 287 646 324 quae
680 287 759 324 pars
795 274 961 322 corporis
992 274 1109 322 prima
1123 275 1159 316 ο)
1195 272 1321 310 strusta
1349 270 1399 310 fit.
1462 271 1599 310 Primas
1629 284 1716 311 vero
1745 274 1868 311 evolvi

309 339 427 382 partes
447 360 456 373 ‚
489 332 527 369 in
554 332 686 381 quibus
713 330 872 369 multum
896 329 937 367 fit
966 341 1165 367 nervorum
1184 330 1238 378 p).

424 412 554 451 Fetum
581 415 620 450 in
649 412 753 462 pullo
779 413 906 462 primis
931 410 1030 449 horis
1061 411 1290 449 immobilem
1311 409 1379 448 esse
1398 411 1446 458 q).

424 494 583 532 Plurima
592 506 638 531 ex
654 493 710 531 his
727 494 915 543 principiis
941 492 1110 530 facillime
1128 492 1320 542 explicari,
1344 499 1384 529 ut
1403 490 1676 530 similitudinem
1697 493 1806 542 patris
1832 494 1869 531 &

312 553 435 588 matris
456 579 465 592 ,
494 550 551 588 vel
570 551 845 600 praevalentem,
874 550 931 587 vel
952 550 1090 587 mistam
1108 548 1177 597 r);
1209 549 1386 598 gemellos
1413 560 1457 586 ex
1479 549 1662 597 particulis
1687 551 1869 598 organicis

313 608 427 657 duplo
442 606 750 645 numerosioribus
771 615 887 649 natm,
903 619 982 656 quae
998 619 1017 643 a
1032 606 1194 655 partibus
1211 606 1428 654 genitalibus
1449 606 1557 642 maris
1576 606 1783 643 adveniunt.
1817 607 1871 644 lta

314 664 390 702 duo
418 672 542 701 centra
573 663 673 706 fieri,
710 665 804 701 circa
825 676 905 713 quae
933 662 1116 712 particulae
1144 664 1324 711 organicae
1354 662 1573 710 colligantur
1593 661 1634 706 s).

427 745 606 784 Animalia
632 746 776 783 minora
801 744 1014 783 fecundiora
1038 743 1106 782 effe
1124 773 1132 787 ‚
1167 745 1250 794 quia
1278 745 1465 782 voraciora
1491 743 1596 787 sunt,
1632 744 1668 780 &
1695 743 1873 781 subtiliori

315 803 543 840 nutrimento
561 810 725 845 utuntur,
743 802 881 839 facilius
898 804 936 839 in
951 808 983 839 t··
1000 801 1193 851 particulas
1209 803 1396 850 orgmicas
1420 800 1612 838 resolubili.
1650 800 1784 849 Magna
1798 802 1874 838 ani-

316 859 422 896 malia
439 871 568 908 parum
581 858 736 898 fecunda
753 858 922 908 effe,quia
934 871 1063 908 parum
1076 860 1218 896 voracia
1235 858 1408 896 alimento
1420 861 1461 901 u)
1475 856 1638 895 crasliora
1649 864 1812 895 utuntur.

429 940 561 978 Semen
586 942 702 990 parari
731 948 814 978 ante
839 940 951 978 finem
975 942 1191 978 incrementi
1210 936 1257 986 x)
1289 941 1326 976 in
1361 939 1517 988 piscibus
1537 967 1546 982 ,
1579 940 1617 975 in
1648 938 1785 976 infestis
1803 940 1872 985 y),

317 998 450 1046 quibus
466 997 581 1034 multa
599 997 640 1035 fit
657 1000 827 1046 organica
847 999 1013 1034 materies
1031 1010 1040 1042 3
1085 996 1143 1033 sed
1168 997 1317 1033 demum
1336 996 1417 1044 post
1441 995 1585 1032 finitum
1607 997 1875 1033 incrementum

318 1055 355 1090 in
386 1055 427 1090 iis
450 1082 461 1097 ,
493 1055 626 1103 quibus
652 1054 803 1103 liquoris
825 1054 1001 1091 seminalis
1030 1054 1079 1090 est
1105 1056 1267 1101 parcitas.
1302 1052 1440 1089 Eorum
1463 1054 1644 1099 majorum
1665 1052 1877 1090 animalium

318 1110 412 1149 fetus
440 1110 577 1148 diutius
608 1117 715 1148 utero
741 1111 918 1152 retineri,
951 1109 1072 1147 donec
1101 1109 1342 1147 maturescant
1363 1109 1414 1153 z).

433 1191 530 1229 Cum
553 1193 754 1239 virginibus
779 1192 982 1239 junioribus
1002 1191 1038 1235 cz)
1059 1191 1156 1228 senes
1179 1203 1351 1239 generare
1373 1219 1381 1233 ‚
1417 1189 1553 1238 puellas
1579 1191 1677 1226 enim
1700 1189 1808 1228 succo
1825 1190 1877 1227 se-

320 1248 446 1285 minali
472 1248 654 1286 abundare
670 1277 679 1291 ,
712 1249 816 1286 facile
843 1260 930 1285 vero
955 1247 1128 1296 gibbosos
1158 1260 1204 1285 ex
1233 1259 1272 1284 ea
1299 1258 1430 1284 venere
1461 1246 1563 1284 nasci.

435 1329 523 1368 Fere
540 1325 725 1378 fimiliah)
748 1330 855 1368 habet
879 1328 918 1367 L.
944 1329 1040 1367 REN.
1070 1328 1250 1367 MOREAU
1269 1328 1301 1372 c)
1324 1357 1333 1371 ‚
1364 1328 1439 1365 duo
1469 1340 1601 1376 nempe
1628 1327 1760 1364 semina
1784 1325 1873 1369 esse,

322 1387 429 1424 maris
451 1386 668 1436 feminaeque
682 1416 690 1429 ‚
721 1390 757 1424 in
780 1395 938 1436 utroque
961 1399 1025 1424 cor
1051 1387 1087 1423 &
1107 1385 1190 1423 alias
1212 1393 1330 1434 partes
1349 1385 1531 1434 principes
1562 1384 1752 1421 delineatas
1780 1383 1877 1420 ades-

323 1443 377 1486 se,
411 1456 467 1480 eas
488 1456 506 1480 a
530 1444 690 1492 partibus
712 1443 775 1480 fibi
799 1444 960 1492 analogis
987 1443 1149 1485 adtrahi,
1184 1443 1220 1479 &
1244 1441 1290 1479 fic
1318 1442 1433 1479 fetum
1458 1440 1617 1478 formari.
1680 1441 1878 1489 Plerosque

323 1501 417 1538 fetus
443 1507 632 1548 parentum
654 1499 783 1538 ssmiles
806 1499 897 1543 else,
930 1512 994 1550 per
1024 1499 1141 1537 causas
1171 1506 1293 1536 tamen
1331 1497 1570 1535 accidentales
1604 1496 1877 1535 similitudinem

324 1556 424 1607 porse
447 1557 590 1593 turbari.

439 1638 593 1675 Seminis
611 1638 794 1687 utriusque
815 1645 931 1687 partes
952 1637 1120 1685 analogas
1139 1638 1179 1679 d)
1192 1665 1201 1679 ‚
1224 1636 1259 1674 &
1279 1635 1408 1673 ssmiles
1421 1664 1429 1677 ,
1452 1633 1515 1671 fibi
1536 1636 1641 1678 uniri,
1670 1635 1743 1673 fere
1761 1643 1803 1674 ut
1818 1648 1878 1673 ur-

327 1696 406 1733 ticae
430 1693 628 1732 fimilitudo
651 1707 697 1731 ex
717 1695 870 1733 decoelo
890 1707 976 1734 cum
993 1706 1086 1745 aqua
1104 1695 1225 1732 cinere
1243 1694 1367 1731 urticae
1387 1691 1601 1731 renascatur.

1636 1772 1884 1811 Fundamenta

370 1831 399 1865 ο)
427 1839 452 1865 p.
479 1840 544 1866 3<¹.

366 1872 400 1910 p)
423 1871 520 1900 T.lll.
540 1881 567 1909 p.
584 1876 649 1909 306.

369 1914 399 1951 ,Ὗ
422 1911 455 1940 T.
471 1911 505 1941 ll.
524 1921 551 1949 p.
573 1922 639 1952 352.

370 1953 400 1989 r)
424 1962 451 1989 p.
470 1956 516 1988 67.

371 1994 398 2028 ς)
422 1993 598 2022 Panae-mxu
613 2003 639 2031 p.
653 1997 698 2032 ⁶9·

373 2033 399 2070 t)
422 2033 455 2062 ll.
478 2043 505 2070 p.
527 2037 594 2070 30⁶·

373 2078 408 2106 u)
432 2074 500 2103 ibid.

373 2125 406 2147 x)
430 2124 456 2151 p.
475 2118 537 2150 316.
555 2123 620 2151 317.

367 2156 403 2192 y)
428 2155 570 2192 Plerisque
584 2156 722 2193 demum⁷
741 2156 856 2194 quando
869 2155 988 2194 plenum
1001 2158 1210 2186 incrementum
1225 2154 1388 2192 mitigarunt
1401 2153 1493 2183 Gran.
1510 2152 1633 2191 allii-ing.
1655 2154 1707 2184 διε.
1726 2160 1746 2188 p
1773 2161 1797 2188 ς.
1822 2150 1887 2180 Μο-

333 2195 428 2225 noculi
446 2204 542 2225 tamen
556 2196 704 2234 crescunt,
726 2198 875 2235 postquam
890 2208 994 2227 venere
1008 2198 1074 2227 sunt
1089 2196 1128 2227 uli
1140 2196 1229 2226 loun.
1252 2196 1337 2225 Certe
1350 2194 1436 2224 etiam
1454 2194 1558 2223 cancri.

372 2245 404 2266 z>
428 2246 451 2273 p.
479 2246 542 2273 3¹9·

374 2278 405 2309 a)
429 2287 456 2313 p·
474 2281 538 2314 57⁶·
561 2287 626 2315 577·

375 2317 405 2348 b)
429 2317 468 2347 Ex
483 2328 518 2347 eo
534 2318 711 2348 Pmcouxss
725 2341 733 2354 ‚
757 2318 897 2348 GonAu·
918 2320 951 2348 de
966 2319 1071 2355 l'ame,
1094 2317 1150 2348 alii.

375 2359 404 2389 c)
431 2361 523 2388 Vmus
540 2358 671 2399 phgffique
696 2369 720 2389 c.
743 2367 783 2396 17.
812 2359 838 2388 P.
861 2359 896 2390 11.
920 2369 945 2391 e.
963 2370 990 2395 ς.

375 2398 407 2434 εἰ)
431 2398 628 2430 mmmmm.
650 2399 685 2432 T.
700 2399 747 2429 IV.
763 2409 783 2439 p
809 2408 876 2438 279.
