1955 2732
299 140 359 184 '64
511 129 630 175 2113.-
667 127 815 175 XXX.
875 130 1028 176 VITA
1070 130 1345 174 HUMANA
1381 130 1458 172 ET
1496 130 1694 174 MO'RS.

301 232 340 270 id
368 228 535 271 celluloii
557 227 679 271 textus
707 231 843 270 fibrillis
875 233 911 269 &
940 231 1145 273 laminulis‚
1179 242 1228 269 eae
1262 230 1360 267 enim
1396 228 1440 267 ad
1466 229 1680 268 brevitatem
1710 241 1891 282 perpetuo

302 291 491 342 adspirant.
527 291 628 330 Pone
650 305 749 331 nunc
774 292 939 330 scrobem
970 290 1057 329 vasis
1087 290 1238 338 alicujus
1263 297 1451 327 externam
1476 301 1541 339 per
1565 291 1887 340 consumptionem

301 360 442 395 natam,
474 353 510 390 in
545 365 654 402 quam
682 354 816 390 humor
852 352 897 388 de
933 350 1066 389 tubulo
1097 352 1285 400 pervenire
1323 351 1451 399 nequit
1477 361 1485 387 :
1519 361 1618 398 pone
1637 378 1648 393 ‚
1684 349 1711 387 fi
1739 351 1883 401 placet,

300 410 399 449 fibrae
424 411 655 454 muscularis,
695 419 755 449 aut
782 410 961 448 laminulae
995 409 1174 448 cellulosae
1200 409 1423 447 elementum
1455 408 1656 458 disperiisse.

362 470 496 509 Eadem
519 472 577 507 hic
589 471 696 516 tient3
713 471 957 520 compelletur
972 470 1016 508 ad
1037 481 1115 507 eam
1133 470 1310 512 scrobem,
1332 477 1517 519 tamquam
1534 468 1578 506 ad
1599 470 1707 507 inane
1721 468 1884 520 spatium.

301 530 436 569 humor
457 529 677 579 gelatinosus
694 560 702 573 ,
737 531 801 580 qui
826 530 875 568 est
895 532 933 567 in
952 531 1102 572 vicinia,
1138 530 1174 567 &
1202 528 1470 567 circumfundet
1500 527 1533 565 se
1564 528 1705 572 scrobi,
1735 541 1887 579 eamque

299 590 478 639 replebit,
513 589 708 627 adhaerebit
730 589 775 627 ad
801 589 980 627 elementa
999 595 1112 627 terrea
1128 618 1137 631 ,
1172 590 1397 638 apprimetur
1413 600 1433 625 a
1457 588 1592 625 viribus
1609 590 1888 638 comprimenti-

300 650 368 687 bus
389 648 686 699 quibuscunque,
722 649 760 686 &
792 647 1019 699 potiffimum
1040 661 1060 686 a
1088 647 1267 686 cellulofis
1302 647 1398 686 fibris
1427 648 1473 685 ad
1507 659 1592 690 vas,
1627 648 1729 698 quod
1758 648 1883 687 scrobe

301 708 470 747 effossum
493 709 560 751 est,
594 708 754 758 superius
784 708 1048 747 adhaerentibus
1076 709 1113 746 δι
1141 707 1312 750 inferius.
1346 719 1426 758 quae
1454 707 1543 745 dum
1565 707 1604 744 in
1620 708 1885 746 brevitatem&

300 768 554 806 testitudinem
585 770 774 811 nituntur,
810 770 849 806 in
876 768 1041 806 scrobem
1070 768 1199 817 gluten
1230 768 1397 816 adigent,
1432 779 1478 805 eo
1508 767 1680 814 jacturam
1711 767 1881 809 sarcient.

300 829 339 865 ἃ
370 829 472 877 quod
496 828 656 867 abundat
673 856 683 870 ‚
720 839 786 877 per
812 827 952 866 easdem
973 829 1067 865 vires
1092 826 1302 877 depellent.
1336 834 1376 865 ut
1403 837 1673 876 nonnunquam
1697 834 1818 865 tamen
1846 829 1886 864 in

299 886 591 936 hemisphaerium
608 885 678 924 vasi
702 886 784 925 laeso
803 886 899 938 quasi
918 886 1198 929 circumfusum,
1219 885 1379 935 superet,
1414 886 1495 923 calli
1521 886 1705 935 exemplo.
1747 886 1884 925 Succus

299 954 422 985 autem
444 945 597 985 viscidus
621 947 792 984 facillime
813 949 851 985 in
880 946 1089 986 cellulosam
1111 945 1220 984 telam
1235 973 1244 988 ,
1280 946 1388 982 etiam
1417 952 1545 994 praeter
1570 952 1704 984 naturae
1736 945 1856 995 legem
1871 973 1881 991 .

299 1012 481 1048 mutatur,
516 1006 690 1056 exemplo
718 1006 1025 1056 ligamentorum,
1062 1017 1142 1056 quae
1157 1006 1195 1043 in
1218 1005 1365 1054 pectore
1391 1007 1486 1054 (i),
1516 1005 1553 1041 ἀ
1577 1004 1776 1062 abdomine
1798 1008 1883 1055 tle)

299 1077 347 1103 ex
374 1065 483 1104 succo
508 1064 712 1115 gelatinoso
744 1078 880 1116 pureve
913 1065 1040 1104 coaao
1066 1064 1271 1104 nascuntur.

357 1124 469 1163 Nunc
495 1124 589 1163 hanc
616 1125 774 1175 speciem
792 1126 1003 1164 nutritionis
1028 1127 1065 1163 in
1085 1126 1178 1162 ranis
1201 1124 1320 1162 videas
1351 1121 1447 1171 (l),
1482 1135 1636 1173 quarum
1665 1127 1808 1163 arterias
1829 1125 1885 1164 lae-

299 1184 392 1222 seris
459 1184 774 1223 Cioeumfunditur
806 1185 976 1236 equidem
1005 1184 1113 1223 effusa
1146 1185 1191 1222 de
1212 1183 1360 1221 vulnere
1390 1183 1522 1222 nebula
1549 1185 1654 1227 alba,
1691 1186 1728 1222 δε
1751 1184 1821 1223 late
1838 1186 1886 1222 ri-

299 1256 396 1282 mam
422 1252 588 1295 occupat.
639 1244 731 1283 Non
755 1244 913 1302 longum
936 1245 985 1283 est
1006 1245 1184 1293 temporis
1218 1243 1473 1286 intervallum,
1508 1243 1663 1282 adhaeret
1693 1244 1737 1281 de
1764 1257 1804 1281 ea
1823 1256 1886 1293 ge-

298 1304 408 1342 latina
435 1305 479 1342 ad
501 1306 652 1348 rimam,
684 1295 862 1355 quantum
886 1305 930 1343 ad
953 1317 1032 1343 eam
1055 1303 1293 1342 claudendam
1314 1301 1462 1344 sufficit,
1487 1303 1523 1340 ὃς
1541 1303 1684 1353 sanguis
1710 1316 1774 1353 per
1797 1311 1886 1341 arte-

299 1365 392 1400 riam
412 1364 579 1412 ampliter
607 1364 748 1407 laesam,
771 1372 958 1415 tamquam
984 1364 1075 1402 nihil
1097 1363 1192 1414 paffa
1213 1362 1316 1405 effer,
1349 1375 1394 1400 ne
1415 1363 1573 1411 globulo
1592 1362 1742 1413 quidem
1761 1362 1886 1401 amisso

298 1434 413 1472 porro
443 1423 622 1460 circumit.
685 1422 842 1460 Vulneri
874 1430 996 1461 tamen
1037 1422 1234 1472 gelatinam
1264 1423 1420 1459 exterius
1452 1423 1714 1460 exuberantem
1743 1422 1805 1461 diu
1837 1424 1888 1460 vi-

299 1481 382 1518 deas
411 1478 620 1520 adhaerere:
652 1482 712 1519 sed
743 1482 842 1520 horae
875 1483 1002 1533 aliquae
1023 1482 1295 1531 experimenti,
1331 1493 1411 1531 quae
1445 1480 1567 1529 longae
1606 1480 1753 1519 incisori
1790 1482 1888 1519 vide.

298 1541 455 1583 buntur,
491 1541 580 1578 nihil
616 1541 700 1579 sunt
733 1541 779 1578 ad
805 1553 921 1579 annos
956 1542 1097 1590 relatae,
1129 1541 1260 1591 quibus
1294 1541 1333 1577 in
1363 1540 1449 1577 vivo
1486 1540 1638 1578 homine
1667 1547 1812 1584 natura,
1842 1541 1886 1580 ad

298 1598 512 1649 fingendum
536 1612 677 1638 novum
698 1600 944 1643 elementum,
979 1601 1104 1639 utitur.

357 1658 544 1697 Fibrarum
570 1659 856 1699 musculosarum
885 1661 1027 1708 jailurae
1046 1666 1089 1698 ut
1109 1658 1327 1702 sarciantur,
1359 1670 1438 1697 non
1469 1657 1548 1696 satis
1573 1659 1768 1702 novimus,
1801 1671 1887 1698 cum

225 1746 229 1752 .
297 1719 466 1758 nondum
484 1718 526 1757 fit
545 1719 752 1758 confectum
768 1748 777 1762 ‚
801 1732 892 1758 num
916 1731 955 1757 ea
975 1717 1063 1757 fibra
1082 1730 1167 1757 cava
1187 1717 1229 1758 fit
1245 1747 1255 1762 ,
1282 1731 1372 1757 num
1395 1718 1508 1756 solida
1527 1719 1662 1768 potius.
1698 1718 1886 1758 Tendinea

297 1785 394 1816 certe
411 1777 498 1817 fibra
515 1779 628 1817 solida
646 1779 787 1817 videtur
799 1807 809 1822 ,
831 1790 877 1816 ex
893 1777 1062 1817 cellulosa
1078 1778 1149 1817 tela
1168 1777 1357 1816 addensata
1373 1779 1409 1815 ἃ
1434 1778 1558 1827 stipata
1584 1778 1772 1827 compacta
1797 1781 1882 1826 (m).

357 1835 406 1875 Ea
434 1850 525 1888 ergo
552 1850 678 1877 carnea
698 1838 786 1876 fibra
810 1838 944 1877 eodem
963 1837 1081 1876 modo
1108 1837 1213 1876 alitur
1229 1866 1240 1882 ,
1274 1845 1315 1877 ut
1335 1837 1514 1877 cellulosae
1541 1838 1621 1876 telae
1638 1838 1714 1876 aliae
1732 1866 1742 1880 ,
1775 1838 1885 1876 succo

294 1896 433 1935 viscido
453 1899 492 1935 in
515 1910 627 1937 novas
650 1898 860 1942 laminulas,
896 1898 1080 1948 novasque
1102 1896 1248 1936 fibrillas
1269 1898 1499 1935 confirmato.
1543 1897 1580 1936 Si
1609 1897 1782 1935 fibrarum
1811 1910 1888 1936 car-

295 1969 448 1995 nearum
467 1957 584 2006 ipsum
612 1958 820 1997 contraCtile
840 1958 1083 2001 elementum,
1119 1970 1138 1996 a
1168 1956 1254 1994 vafis
1284 1957 1492 2003 diversum„
1528 1956 1565 1994 &
1599 1969 1618 1994 a
1642 1956 1814 1995 cellulosa
1834 1966 1887 1996 te-

296 2015 330 2054 la
353 2045 363 2060 ,
397 2029 530 2055 cavum
561 2018 630 2066 est,
663 2017 834 2071 sequetur
859 2018 1029 2060 vasorum
1057 2017 1344 2065 conditionen13
1380 2017 1417 2056 8(-
1439 2015 1601 2056 cellulosi
1617 2022 1758 2061 textus,
1787 2016 1815 2055 fi
1832 2016 1888 2056 so-

295 2074 413 2116 lidum
436 2077 495 2115 est.
541 2124 555 2134 ,

1797 2133 1884 2175 Offa

383 2266 469 2302 >L
497 2265 576 2298 vm.
597 2277 627 2306 p.
656 2277 723 2299 ur.

394 2307 475 2342 )L.
508 2309 578 2339 XX.
608 2318 718 2347 pm.

394 2348 872 2395 >Ostermi'n-2u4fmg.

359 2388 458 2427 m)L.
479 2389 535 2422 XI
561 2400 675 2431 mm

335 2264 371 2299 (i

335 2306 382 2383 a

333 2387 349 2424 (
