1955 2732
208 135 373 176 SECT.
405 135 457 174 II.
517 132 881 176 PRIMORDIA
918 132 1077 174 NOVI
1113 132 1419 174 ANIMALIS.
1515 146 1591 183 127

42 246 209 283 arborem
234 243 459 282 convalescat
477 271 488 286 ,
530 243 663 292 suaque
690 242 782 280 adeo
813 253 859 279 ex
887 241 1078 292 hypothesi
1110 243 1154 280 ab
1187 243 1305 280 anima
1340 241 1521 280 habitetur
1544 243 1591 288 q).

43 300 201 338 Centum
231 302 329 337 enim
357 301 456 338 mille
481 301 519 336 iu
543 299 704 337 surculos
732 298 841 336 divisa
866 298 972 341 salix,
996 307 1144 337 centum
1167 298 1267 337 mille
1289 300 1328 334 in
1348 299 1493 335 arbores
1508 298 1596 335 ado-

41 356 170 400 lescet‚
203 364 424 406 centumque
446 356 544 393 mille
579 357 714 392 animas
737 367 756 392 a
780 367 891 392 mauu
912 354 1112 392 dissecantis
1137 355 1259 393 rustici
1291 355 1453 402 accipiet.

152 437 300 475 Deinde
333 438 465 475 struere
493 448 626 485 corpus
652 436 853 474 humanum
881 437 930 472 est
965 436 1071 485 digiti
1102 434 1404 485 Omnipotentis,
1437 446 1515 471 non
1536 435 1598 472 ali-

43 495 144 541 cujus
170 493 346 531 limitibus
377 492 569 530 arfflffimis
605 492 896 540 circumscripti,
931 492 1028 529 stulti
1063 492 1152 541 saepe
1170 520 1180 535 ,
1212 492 1352 540 semper
1383 492 1595 540 inexperti,

40 549 140 587 nulla
165 549 244 587 idea
267 551 434 598 corporis
464 556 526 586 aut
547 548 600 586 sui
628 577 637 591 ‚
683 555 744 586 aut
766 548 872 585 alieni
898 549 1057 591 imbuti,
1100 549 1262 597 primum
1285 547 1330 585 ad
1359 547 1515 596 aliquam
1543 559 1599 584 ra-

42 606 182 642 tionem
207 605 416 655 adspirantis
442 605 536 643 fetus
560 606 624 648 r):
657 606 719 654 qui
751 606 859 642 etiam
889 605 971 652 post
1003 617 1060 649 50.
1092 617 1273 642 annorum
1302 605 1526 641 anatomicos
1548 603 1599 641 la-

40 662 147 699 bores
166 690 176 704 ‚
208 662 375 699 nondum
418 660 648 699 centesimam
675 668 816 710 partem
848 660 1046 708 cognoscat
1076 662 1233 710 propriae
1270 661 1413 697 fabricae
1439 689 1447 702 ,
1481 660 1599 709 deque

41 716 105 754 suo
136 729 297 767 corpore
332 730 410 755 non
442 717 508 754 nisi
540 724 686 754 montes
707 745 716 760 ,
753 718 789 753 δι
812 718 922 754 maria
946 725 1034 754 nota
1060 717 1188 754 habeat
1206 745 1216 759 ,
1250 717 1429 754 interioris
1458 716 1600 754 fabricae

41 779 142 812 totus
158 774 257 812 rudis
272 803 281 817 ,
313 786 399 812 cum
415 774 506 811 nihil
522 775 560 810 in
577 781 699 810 mente
717 772 757 810 fit
772 801 782 815 ,
806 772 871 810 nifi
888 773 991 822 quod
1008 785 1073 822 per
1089 773 1206 811 sensus
1227 773 1382 817 advenit.

155 854 355 903 Cogitent,
389 857 453 905 qui
475 855 687 892 sententiam
713 854 811 891 suam
832 867 896 903 per
922 853 1194 892 similitudinem
1218 861 1412 903 parentum
1434 854 1472 890 in
1495 852 1599 902 prole

42 919 253 950 renovatam
279 911 523 949 demonstrare
551 911 703 954 volunt,
736 911 852 947 fetum
880 910 979 948 suam
1013 918 1167 948 matrem
1184 939 1193 953 ‚
1222 911 1325 948 suum
1349 918 1488 959 patrem
1507 921 1601 947 nun-

43 980 152 1018 quam
186 967 332 1004 vidilse:
367 969 402 1004 &
439 967 564 1005 multis
596 967 678 1017 post
709 975 854 1016 partum
895 968 996 1004 annis
1032 979 1109 1004 non
1141 979 1180 1004 ea
1213 967 1292 1004 sore
1330 967 1499 1004 industria
1518 994 1528 1009 ‚
1559 972 1601 1002 ut

44 1037 122 1062 eam
148 1023 420 1061 similitudinem
457 1030 622 1061 accurate
656 1023 881 1066 describere,
915 1031 977 1061 aut
1001 1031 1189 1072 utcunque
1218 1024 1350 1060 imitari
1380 1021 1494 1072 possit.
1556 1019 1603 1059 Et

44 1082 240 1118 metiantur
269 1080 418 1117 demum
452 1081 575 1117 animo
610 1079 861 1116 incredibilem
892 1079 1124 1128 sapientiam,
1158 1091 1227 1128 qua
1250 1079 1344 1116 fetus
1375 1085 1526 1127 egeret,
1559 1085 1601 1115 ut

41 1149 106 1186 per
133 1138 207 1173 vim
231 1138 464 1179 arteriarum,
500 1148 618 1184 neque
653 1137 750 1172 enim
783 1136 831 1172 est
863 1135 928 1172 alia
962 1137 1018 1172 via
1057 1136 1298 1177 incrementi,
1330 1134 1603 1172 similitudinem

43 1194 152 1242 patris
179 1194 217 1228 in
245 1203 332 1229 vero
358 1192 463 1229 vultu
493 1190 663 1238 effingere
691 1192 857 1236 noverit3
887 1190 1061 1240 aptissime
1081 1192 1264 1228 diminuto
1289 1192 1430 1240 impetu
1448 1192 1486 1227 in
1510 1198 1603 1227 arte-

43 1249 143 1286 riolis
167 1249 326 1297 partium
345 1275 356 1291 ,
397 1260 476 1297 quae
504 1247 639 1285 debent
669 1245 836 1296 depressae
870 1249 1014 1291 minui,
1058 1248 1164 1286 aurio
1193 1250 1231 1285 in
1267 1248 1330 1290 iis,
1364 1259 1443 1297 quae
1468 1247 1602 1286 debent

46 1306 204 1342 eminere
228 1304 269 1349 s).

652 1419 685 1460 ς.
717 1414 828 1453 XXI.
891 1414 1008 1453 Nic-vi.

158 1506 244 1545 Hoc
269 1506 343 1545 fere
377 1507 413 1544 ὃς
442 1508 606 1556 principe
636 1507 672 1543 δε
698 1507 810 1543 unico
838 1514 1056 1554 argumento
1085 1505 1138 1544 Cl.
1165 1506 1232 1542 viri
1255 1507 1434 1543 nituntur.
1499 1504 1603 1542 Mille

46 1574 179 1611 nempe
203 1563 321 1600 modis
348 1576 366 1600 a
398 1572 534 1601 terrore
559 1592 568 1605 ‚
606 1576 625 1599 a
655 1562 828 1599 desiderio
855 1564 978 1599 matris
1000 1592 1008 1605 ,
1042 1563 1134 1601 fetus
1152 1590 1161 1603 ,
1195 1574 1304 1610 quem
1336 1570 1441 1599 utero
1477 1564 1601 1610 gerit,

48 1618 218 1655 fabricam
243 1622 399 1661 mutari,
437 1621 471 1656 S<
502 1619 589 1667 saepe
617 1617 846 1667 insignissime
865 1618 954 1655 laedi.
1016 1618 1211 1655 Manifesto
1233 1630 1318 1655 vero
1340 1618 1415 1655 haec
1434 1617 1509 1654 fieri
1528 1630 1603 1654 non

50 1686 95 1710 ex
115 1677 279 1723 corporis
298 1704 307 1717 ,
341 1676 399 1712 sed
426 1688 469 1711 cx
495 1677 626 1711 inentis
652 1682 821 1711 maternae.
843 1676 1069 1723 incorporeae
1102 1674 1302 1711 adse-:tione
1322 1702 1332 1716 ,
1366 1687 1443 1723 quce
1472 1676 1603 1722 ignoto

49 1739 155 1767 motu
172 1733 209 1767 in
237 1733 391 1768 austeram
416 1732 635 1768 strutlricem
653 1731 745 1767 fetus
762 1739 959 1778 operetur,
994 1741 1034 1768 ut
1057 1731 1180 1767 eadem
1202 1730 1297 1778 fraga
1318 1759 1327 1773 ,
1361 1731 1472 1767 aliave
1488 1743 1505 1766 a
1523 1742 1605 1767 cor-

47 1798 159 1835 porea
188 1787 320 1824 fabrica
347 1787 507 1824 hominis
539 1787 678 1829 aliena,
714 1788 752 1822 in
785 1786 849 1823 suo
874 1794 1001 1824 tenero
1033 1787 1209 1835 facileque
1245 1786 1411 1823 mutabili
1447 1799 1604 1835 corpore

50 1843 159 1879 struat
177 1871 186 1885 ,
221 1855 298 1891 ομιτς
327 1845 450 1880 matris
483 1851 644 1880 mentem
674 1842 733 1878 illa
762 1841 970 1880 vehementi
994 1842 1151 1892 pastione
1176 1843 1375 1880 turbarunt.

158 1923 399 1961 Harmoniam
423 1926 523 1972 ajunt
548 1922 614 1960 effe
640 1924 890 1961 continuatam
909 1920 954 1973 a)
969 1924 1063 1960 inter
1084 1925 1204 1960 matris
1228 1925 1407 1966 animam,
1426 1924 1604 1973 suumque

50 1991 210 2027 corpus3
242 1982 407 2029 interque
438 1993 571 2029 corpus
602 1987 831 2022 maternum,
863 1979 1030 2029 fetusque
1058 1992 1200 2028 corpus.

161 2059 270 2097 Varie
285 2068 464 2099 tentatum
479 2061 527 2098 est
545 2089 555 2104 ,
588 2068 629 2098 ut
653 2062 853 2098 accuratius
874 2060 950 2099 haec
971 2068 1130 2098 materna
1147 2061 1304 2110 potestas
1323 2061 1572 2110 explicaretur.

1503 2150 1602 2189 Ideac

95 2237 126 2276 qi
149 2236 330 2267 WERm-iov.
357 2237 456 2266 camel.
475 2239 508 2267 de
520 2237 592 2275 febr.
613 2247 640 2274 p.
659 2237 719 2274 78?

95 2285 125 2311 r)
147 2278 327 2307 Varisnizm
350 2277 430 2307 P.11.
452 2288 475 2307 c.
497 2290 538 2313 ις.
557 2288 584 2307 n.
598 2287 615 2314 9
650 2278 686 2307 de
703 2279 795 2307 anima
809 2277 929 2314 plastica,

94 2319 121 2347 si
143 2318 228 2348 Ridet
244 2328 305 2348 enm
323 2325 432 2356 partem
449 2318 565 2348 theoriae
583 2319 786 2348 &mummi-i.
803 2318 842 2346 U⁴
858 2318 889 2346 *X
907 2327 1008 2347 arri:
1026 2320 1103 2348 :5:424
1124 2325 1190 2348 mot.
1210 2328 1235 2355 Γ.
1253 2327 1315 2355 27¹2-

95 2359 126 2386 ιιἺ
152 2359 293 2387 NICOLAI
313 2369 370 2388 von
385 2360 433 2387 der
449 2361 617 2396 Erzmgung
634 2369 660 2396 p.
677 2368 743 2396 207.
780 2358 890 2388 Eodem
915 2358 974 2387 fere
993 2359 1081 2388 modo
1112 2370 1125 2387 ’.ι
1148 2360 1263 2388 comario
1290 2358 1384 2387 mitris
1407 2358 1436 2386 in
1457 2358 1604 2387 coriarium

56 2396 131 2428 fetus
153 2398 348 2436 impressiones
369 2399 535 2429 adlectuum
554 2400 641 2429 animi
662 2398 844 2430 CARTesius
865 2399 1029 2429 traduxerat
1044 2400 1117 2428 hom.
1133 2408 1161 2436 p.
1179 2408 1243 2436 130.
