1955 2732
238 132 279 159 iv
665 113 1331 156 PRAEFATIO.

232 232 359 274 praeter
389 230 544 273 quatuor
568 223 706 271 primos
729 221 860 265 libros,
877 221 1091 272 conscripsi:
1123 223 1172 258 ita
1191 221 1324 261 facium
1340 224 1415 270 est;
1446 230 1488 262 ut
1503 227 1645 264 minora
1661 226 1778 277 aliqua

231 303 353 354 passim
375 303 419 340 ab
445 302 546 344 aliis,
579 301 722 350 fideque
747 313 827 338 mea
854 300 973 350 dignis
989 328 999 343 ,
1031 300 1266 351 scriptoribus
1295 310 1427 340 mutuo
1455 303 1612 348 sumere,
1627 282 1680 344 *ad
1705 320 1781 345 ma-

228 385 305 431 jora
329 384 464 420 amicos
493 381 678 420 consulere
704 379 842 419 necesse
863 380 995 422 fuerit,
1030 380 1161 429 quibus
1185 387 1319 418 natura:
1349 383 1615 430 interrogandae
1642 398 1781 436 oppor-

229 463 362 500 tunitas
388 460 480 499 esset.
547 451 721 499 Cheiiiica
746 462 1018 510 experimenta,
1050 460 1094 496 ab
1123 471 1163 496 ea
1189 459 1370 498 utiliffima
1395 469 1469 499 arte
1486 463 1622 502 alienus
1639 493 1648 507 ,
1681 466 1780 503 nulla

227 554 306 579 mea
332 542 480 591 profero
497 571 506 585 ‚
540 542 640 589 cujus
666 541 829 590 alioquin
850 539 1040 588 ingenium
1067 545 1124 577 tot
1143 540 1237 576 inter
1256 538 1374 576 officia
1395 540 1599 580 distraetum
1613 556 1689 581 non
1711 556 1780 581 un-

226 622 337 671 dique
362 619 548 658 sufficeret.
610 620 784 670 Denique
807 621 843 657 in
870 618 986 668 longo
1011 631 1121 668 opere
1144 632 1222 658 non
1241 619 1320 657 satis
1341 622 1443 664 cavi,
1475 634 1521 659 ne
1540 622 1631 660 nihil
1647 624 1780 662 rediret

225 702 415 750 priorum:
448 713 523 738 non
556 703 605 738 ita
637 707 678 739 ut
703 700 820 737 alieno
852 699 937 737 loco
974 700 1173 750 quidquam
1201 713 1405 750 ponerem,
1436 701 1625 751 sed‘quod
1648 702 1713 740 alia
1741 704 1777 741 Sc

225 781 290 817 alia
322 780 462 818 occasio
491 779 615 817 fimilia
642 780 874 828 reposceret,
906 792 1026 830 neque
1050 780 1129 819 satis
1145 779 1386 819 meminissem
1406 793 1534 820 eorum
1551 809 1561 824 ,
1594 794 1674 832 quae
1693 783 1776 821 alias

224 859 268 897 ad
295 860 466 898 eumdem
487 859 625 898 sensum
657 858 873 909 scripsissem.

336 971 453 1010 Facile
477 972 586 1010 video
610 974 753 1016 virum,
787 975 850 1023 qui
874 985 956 1011 cum
982 973 1096 1011 multa
1113 973 1292 1012 librorum
1310 973 1546 1017 collefflone,
1566 974 1775 1023 praesentem

221 1051 461 1099 legendorum
490 1052 669 1093 librorum
693 1051 923 1090 occasionem
949 1055 1190 1101 conjungeret
1209 1066 1217 1089 :
1248 1054 1313 1102 qui
1336 1053 1445 1101 dubia
1462 1053 1520 1090 sua
1542 1055 1579 1089 in
1599 1056 1773 1102 proximo

222 1129 393 1166 cadavere
420 1132 599 1168 continuo
627 1116 765 1167 solvere
795 1129 910 1179 poffet
932 1143 939 1166 ε
975 1132 1033 1167 cui
1061 1131 1218 1179 partium
1245 1132 1410 1179 corporis
1431 1131 1582 1168 humani
1604 1132 1773 1169 artificio-

220 1209 254 1246 se
276 1209 494 1258 repletarum
519 1208 603 1246 effet
623 1210 785 1246 ubertas:
819 1209 877 1245 cui
902 1221 940 1245 ea
966 1208 1114 1246 felicitas
1142 1211 1393 1257 contingeret,
1429 1218 1470 1248 ut
1490 1210 1586 1248 nulla
1603 1211 1669 1249 alia
1686 1224 1771 1249 cura

220 1288 472 1326 distraheretur
494 1317 504 1331 ,
538 1288 714 1337 ejusmodi
738 1290 858 1325 virum
889 1287 1005 1326 multo
1038 1300 1122 1325 meo
1155 1288 1344 1325 meliorem
1374 1288 1508 1326 librum
1542 1290 1768 1339 scripturum.

218 1369 350 1419 Neque
377 1367 530 1406 deessem
548 1369 643 1406 votis
657 1396 668 1411 ,
701 1367 727 1405 fi
750 1381 789 1407 ea
814 1368 992 1407 eiusmodi
1015 1367 1229 1417 scriptorem
1252 1357 1304 1406 rei
1323 1367 1582 1418 phyfiologicae
1604 1371 1770 1408 obtinere

218 1448 369 1498 possent.

329 1560 441 1598 Nunc
465 1572 548 1598 cum
577 1560 620 1597 ad
651 1560 760 1598 finem
787 1561 908 1609 operis
932 1560 1108 1608 perveni,
1141 1559 1314 1608 quietiori
1343 1558 1455 1597 oculo
1488 1565 1610 1597 totum
1643 1559 1765 1609 relegi.

217 1640 311 1686 Quae
331 1653 450 1683 nova,
477 1647 537 1677 aut
561 1639 684 1682 utilia,
712 1641 750 1677 in
778 1640 925 1689 nuperis
947 1638 1180 1687 scriptoribus
1209 1638 1353 1688 reperi,
1386 1651 1426 1676 ea
1451 1639 1495 1676 ad
1521 1639 1767 1678 emendandos

215 1731 384 1758 meorum
410 1720 676 1757 elementorum
701 1719 858 1757 defessus
880 1718 1037 1757 adhibui.
1099 1717 1154 1756 Ex
1172 1719 1303 1767 quibus
1330 1715 1580 1767 prof'eciffem'³
1606 1731 1768 1769 quorum

216 1811 326 1848 opera
352 1798 456 1836 effem
478 1798 583 1841 usus,
615 1798 824 1848 simpliciter
842 1799 998 1841 monui,
1030 1805 1072 1836 ut
1097 1810 1143 1835 ne
1167 1798 1401 1836 inimicorum
1422 1811 1592 1837 meorum
1620 1801 1767 1837 inventa

214 1890 429 1928 premerem.

325 1989 430 2028 Dum
454 1988 560 2040 Rupe
586 1989 739 2039 praefui,
781 1988 937 2039 plurima
967 1989 1132 2028 animalia
1168 1989 1280 2027 incidi
1308 2019 1317 2033 ‚
1351 1997 1412 2029 aut
1440 2002 1568 2029 eorum
1604 1990 1761 2033 viscera,

214 2080 371 2118 quorum
397 2070 487 2107 mihi
513 2082 590 2108 non
609 2070 687 2108 satis
710 2070 810 2107 firma
835 2069 920 2108 esset
940 2071 1124 2118 cognitio,
1143 2069 1291 2108 oculum
1321 2071 1497 2119 imprimis
1511 2098 1520 2112 ‚
1541 2071 1647 2107 etiam
1668 2082 1764 2108 cere-

212 2149 317 2186 brum
337 2177 346 2191 ‚
382 2150 417 2185 &
444 2149 517 2187 coli
540 2150 717 2187 valvulam
740 2163 747 2186 :
781 2152 817 2187 in
833 2150 942 2199 pullis
959 2149 1182 2198 potissimum
1197 2150 1400 2199 gallinaceis
1423 2161 1497 2187 ovo
1515 2148 1656 2186 inclusis
1681 2149 1762 2198 plu-

209 2229 344 2265 rimum
371 2228 558 2272 laboravi,
590 2231 707 2280 iisque
732 2231 775 2267 ad
804 2230 1065 2267 formationem
1092 2228 1244 2268 universi
1271 2230 1456 2279 corporis,
1490 2230 1526 2266 ὃς
1557 2229 1600 2267 ad
1631 2228 1759 2267 offium

210 2309 432 2345 incrementa
457 2308 668 2348 declaranda
686 2338 696 2353 2
730 2310 809 2348 usus
830 2310 916 2346 sum.

1722 2368 1759 2406 Si
