1955 2732
553 129 1169 175 ADDENDff.
1570 147 1653 185 ¹97

121 229 234 271 Mass'a
256 229 451 274 farinacea,
485 229 654 269 dentibus
685 226 847 271 subatra,
884 228 921 268 δι
943 240 1027 267 cum
1051 227 1157 267 saliva
1175 228 1296 268 intrita
1317 235 1327 272 ἰ,
1379 229 1418 266 in
1439 230 1550 269 vefica
1567 232 1659 270 aces«

64 292 116 329 tit
147 292 346 330 Rourr’z
370 288 479 328 morb.
508 292 628 336 navig.
648 299 683 339 p.
701 299 766 340 94.
806 287 994 328 Avenacea
1022 288 1133 327 farina
1162 299 1248 337 cum
1275 298 1368 338 aqua
1393 287 1558 329 debiliter
1582 291 1654 330 fer·

63 357 245 389 mentatur
265 348 329 388 Pn
345 362 359 386 1
373 361 433 388 uc
450 359 516 386 ιε.
539 347 563 386 l.
583 358 615 386 c.

123 409 222 447 Inter
249 409 422 446 farinacea
439 408 600 446 triticum
625 405 704 445 sero
726 406 840 447 fervet
861 419 895 458 p.
919 413 981 450 88.
1006 405 1151 446 Nimius
1178 418 1263 446 acor
1297 408 1376 446 citri
1406 407 1656 449 fermentatio..

64 480 151 506 nem
173 468 364 517 supprimit
398 479 433 517 p.
455 479 521 517 40.

125 527 222 566 Caro
250 538 335 564 cum
365 525 548 565 farinaceis
575 524 698 564 vivide
728 524 842 564 fervet
865 537 900 574 p.
924 531 986 573 58.
1022 536 1108 563 cum
1142 523 1252 566 succo
1285 526 1491 570 limonum,
1528 526 1657 565 &sali-

65 596 109 625 va
129 597 215 624 caro
243 587 425 624 continuo
451 585 707 628 fermentatur.
741 585 778 622 ἅ
804 583 928 624 sohdae
944 592 1063 633 partes
1085 584 1307 625 adscendunt
1343 594 1427 625 ante
1458 586 1656 626 secundam

67 644 218 688 horam,
253 652 335 684 ante
374 644 552 683 decimam
579 655 669 683 vero
703 645 822 681 omnis
856 650 979 681 motus
995 642 1100 681 cessat
1129 656 1163 692 p.
1185 655 1252 690 4¹-
1300 645 1426 685 Multo
1449 647 1563 694 magis
1590 646 1659 684 fer-

65 712 128 742 vet
148 716 233 742 caro
257 704 365 742 ovilla
384 715 469 742 cum
493 715 584 754 aqua
606 704 643 742 δε
674 714 769 754 pane
787 730 798 746 .
832 715 943 754 quam
972 702 1068 741 solus
1086 706 1187 752 panis
1203 732 1213 747 ‚
1249 706 1286 743 δι
1310 706 1385 743 abit
1415 708 1452 742 in
1473 705 1660 756 liquorem

65 763 299 813 spirituosum
322 774 358 813 p.
383 773 445 809 54.
474 764 541 801 ἃς.

126 821 272 860 Putrida
303 823 468 860 materies
499 821 646 860 admista
672 821 757 860 facit
789 821 1108 860 fermentationem
1141 820 1422 861 Minium
1455 835 1491 873 p.
1527 834 1590 868 ςς.
1622 822 1661 860 &

68 882 171 932 panis
188 908 198 924 ,
231 880 339 920 ovilla
367 892 453 920 caro
480 881 517 919 &
543 893 634 933 aqua
659 881 979 919 fermentationem
1018 879 1228 925 subierunt,
1260 881 1455 932 postquam
1481 881 1661 930 ejusmodi

70 941 235 978 materies
266 941 409 990 putrida
439 939 580 980 accessit
611 940 747 978 Inna
778 947 804 978 t.
830 952 861 978 1.

128 997 282 1038 Mistura
311 999 528 1038 alimentaria
557 1011 676 1039 aerem
710 1006 859 1048 generat
880 1010 915 1048 p.
940 1005 1003 1047 33.
1032 999 1068 1037 &
1091 1010 1150 1038 aer
1179 998 1271 1038 fixus
1304 998 1351 1037 de
1383 1000 1469 1038 cibo
1508 998 1663 1049 extrahi-

71 1065 131 1097 tur
152 1070 187 1108 p.
206 1069 270 1103 39.
310 1060 348 1096 δι
378 1060 418 1096 in
442 1059 593 1097 homine
629 1058 775 1108 effugit,
811 1057 961 1108 quando
979 1065 1096 1108 partes
1123 1058 1244 1098 solidae
1273 1059 1318 1098 ad
1344 1058 1523 1098 summam
1541 1059 1664 1110 super-

72 1116 194 1155 ficiem
225 1117 470 1162 adscendunt,
505 1119 542 1155 &
574 1129 638 1167 per
673 1130 716 1155 os
749 1125 944 1165 emergunt
968 1129 1003 1166 p.
1028 1131 1088 1163 17,

132 1176 228 1214 Caro
255 1189 332 1215 non
360 1177 461 1215 facile
486 1189 604 1214 aerem
620 1176 733 1215 fixum
762 1177 909 1216 dimittit
933 1175 1077 1216 Micn
1093 1190 1113 1215 n
1130 1189 1141 1213 1
1158 1188 1217 1214 121:
1253 1188 1289 1227 p.
1317 1186 1381 1223 37.
1409 1189 1528 1228 neque
1556 1188 1663 1226 vege-

73 1235 194 1274 rabilia
225 1235 298 1273 sola
314 1265 322 1278 ‚
358 1237 459 1275 mista
483 1236 620 1274 facilius
646 1235 731 1274 ibid.

132 1293 254 1332 Ovilla
282 1295 365 1345 plus
401 1296 461 1334 dat
486 1297 575 1334 aeris
595 1323 605 1338 ‚
639 1307 749 1345 quarn
783 1296 919 1336 bubula
949 1309 985 1347 p.
999 1307 1065 1348 40.

131 1351 284 1403 Vapor,
319 1355 382 1404 qui
409 1367 472 1404 per
502 1355 820 1392 fermentationem
858 1358 1026 1395 ciborum
1055 1354 1222 1398 exhalat,
1258 1355 1308 1392 est
1353 1354 1576 1404 potissimum
1606 1365 1665 1391 aer

73 1412 167 1451 fixus
182 1413 351 1450 ciborum
368 1425 404 1463 p.
430 1424 494 1458 23.
515 1414 568 1451 Ex
585 1413 769 1451 frumento
786 1425 851 1462 per
874 1415 1191 1452 fermentationem
1213 1420 1338 1462 parato
1353 1440 1363 1456 ,
1386 1425 1501 1463 vapor
1522 1413 1667 1450 adscen-

74 1471 128 1509 dit
147 1483 226 1509 non
256 1472 375 1510 acidus
401 1485 437 1522 p.
464 1478 555 1516 138.
585 1484 705 1521 neque
737 1473 846 1519 tingit
880 1473 1007 1510 succos
1037 1471 1209 1509 caeruleos
1228 1471 1311 1509 ibid.

133 1529 219 1567 Post
239 1531 554 1567 fermentationem
584 1531 728 1566 mistura
757 1530 977 1566 alimentaria
1002 1532 1134 1565 iterum
1168 1541 1286 1565 aerem
1313 1530 1479 1567 absorbet
1507 1542 1545 1578 p.
1569 1539 1663 1576 147,

77 1588 175 1626 Caro
202 1600 286 1625 cum
316 1600 407 1638 aqua
436 1589 475 1625 in
509 1587 629 1625 calore
655 1586 788 1623 servata
817 1599 936 1624 aerem
963 1587 1129 1623 absorbet
1151 1597 1183 1635 p.
1212 1593 1276 1629 36.
1310 1587 1442 1636 Neque
1474 1589 1545 1625 cibi
1573 1589 1666 1625 bene

75 1647 323 1696 frangerentur
342 1675 351 1689 ‚
385 1647 449 1684 nisi
467 1659 523 1683 aer
552 1646 586 1682 se
615 1645 824 1694 expediret,
858 1648 1063 1694 iterumque
1095 1643 1338 1682 resorberetur
1362 1658 1396 1694 p.
1420 1656 1484 1689 29.
1527 1645 1667 1695 Magna

77 1719 157 1755 pars
187 1708 261 1753 ejus
286 1706 375 1743 aeris
399 1707 496 1754 prius
520 1705 589 1741 fixa
619 1705 667 1740 est
683 1732 693 1745 ‚
728 1717 836 1753 quam
858 1707 958 1742 cibus
990 1704 1065 1741 vasa
1084 1703 1204 1740 subeat
1248 1716 1281 1752 p.
1299 1710 1362 1747 38.

140 1766 174 1802 P.
195 1775 286 1808 320.
321 1764 437 1802 Malta
461 1764 682 1802 fermentans
701 1771 851 1812 generat
877 1763 1009 1813 gradus
1043 1762 1171 1800 caloris
1205 1761 1247 1800 R.
1279 1774 1340 1806 30.
1367 1763 1401 1800 le
1431 1762 1460 1800 B
1475 1774 1496 1800 r:
1510 1775 1534 1800 o
1548 1775 1569 1801 u
1584 1775 1606 1801 r.
1620 1764 1668 1802 du

69 1821 230 1873 fitblime‘.
259 1835 293 1872 p.
321 1835 413 1868 3¹1·

138 1882 268 1932 Neque
293 1890 413 1920 tamen
441 1882 519 1923 haec
537 1883 741 1921 constanter
756 1885 803 1921 ita
825 1884 857 1921 se
874 1884 1018 1921 habent.
1055 1881 1239 1921 Contenta
1265 1883 1458 1921 ventriculi
1484 1882 1669 1926 cuniculi,‘

80 1954 198 1991 neque
217 1953 301 1979 cum
317 1943 425 1980 acidis
438 1969 449 1985 ‚
483 1955 601 1992 neque
622 1955 706 1981 cum
722 1943 890 1981 lixiviofis
909 1941 1154 1979 efferbuerunt
1170 1970 1180 1985 ‚
1215 1954 1335 1991 neque
1355 1940 1480 1980 succos
1497 1943 1667 1980 caemleos

80 2003 268 2038 tinxerunt
289 2030 297 2044 ‚
336 2014 420 2039 cum
438 2001 555 2039 herbis
579 2002 739 2049 aleretur.
777 2001 822 2039 Et
854 2002 981 2039 eadem
998 2000 1091 2038 succi
1108 2000 1151 2037 de
1170 2002 1303 2038 eodem
1333 2002 1537 2039 ventriculo
1560 2000 1668 2038 sumti

80 2059 222 2097 indoles
239 2059 314 2097 fuit.
338 2060 382 2098 Et
393 2073 470 2110 quze
481 2061 597 2099 homo
614 2062 657 2098 ab
671 2062 827 2098 emetico
839 2062 1050 2098 revomebat
1068 2088 1077 2102 ,
1095 2061 1243 2108 perinde
1257 2072 1374 2108 neque
1388 2061 1479 2098 acidi
1496 2059 1592 2108 signa
1607 2060 1670 2096 de-

82 2118 215 2156 derunt
229 2146 239 2160 ‚
272 2131 391 2168 neque
407 2120 517 2158 alcali.
554 2121 623 2158 Sed
645 2122 753 2157 etiam
778 2132 863 2157 caro
887 2120 995 2157 ovilla
1014 2119 1104 2156 elixa
1122 2131 1207 2156 cum
1223 2118 1385 2159 brassica,
1407 2119 1509 2156 saliva
1525 2120 1560 2155 Sc
1576 2130 1667 2168 aqua

82 2177 168 2215 loco
186 2178 305 2214 clauso
320 2180 410 2216 adeo
442 2192 518 2217 non
538 2180 703 2217 efferbuit
715 2206 723 2220 ‚
758 2187 798 2216 ut
814 2179 1032 2228 putresceret
1063 2177 1090 2215 B
1107 2191 1117 2214 1
1139 2192 1160 2214 A
1177 2193 1196 2214 N
1214 2191 1241 2215 r)
1257 2181 1334 2215 coifi.
1351 2180 1443 2215 alim.
1470 2181 1507 2213 in
1517 2180 1667 2216 ventric,

142 2236 178 2273 P.
203 2247 294 2280 330.
331 2236 504 2287 Exempla
531 2239 620 2276 acidi
642 2239 805 2275 humoris
835 2239 995 2276 animalis
1016 2266 1025 2280 ‚
1060 2238 1122 2286 qui
1147 2237 1324 2275 durissima
1355 2248 1511 2286 corpora
1542 2235 1666 2275 solvat.

85 2295 218 2332 Succus
264 2297 377 2346 vespae
405 2298 586 2345 cujusdam
612 2299 867 2336 ichneumonis
887 2298 1050 2335 sabulum
1071 2298 1106 2333 in
1139 2297 1272 2345 pastam
1291 2296 1437 2333 resolvit
1456 2294 1484 2333 B
1500 2306 1558 2333 on
1571 2308 1595 2332 N
1609 2308 1629 2333 E
1643 2308 1668 2333 Τ

84 2357 346 2404 contemplation
374 2358 412 2394 de
439 2357 473 2395 Ia
499 2357 720 2396 Nutu1·e.lI.
749 2369 783 2406 p.
803 2368 895 2408 245.
940 2358 1068 2396 Insetla
1100 2365 1189 2393 rw‘x
1214 2357 1252 2393 de
1282 2356 1353 2394 bois
1389 2354 1525 2393 habent
1551 2355 1669 2404 liquo..

1038 2417 1054 2462 (
1072 2415 1155 2459 bb)
1222 2424 1238 2455 2
1591 2425 1669 2452 rem
