1955 2732
235 135 292 166 ιο
707 123 805 163 LIB.
835 123 984 163 XXIX.
1041 122 1070 162 F
1099 123 1132 163 E
1158 124 1193 163 T
1220 123 1258 163 U
1287 124 1320 164 S.

233 240 326 270 natae
350 231 499 274 forent,
530 229 709 281 liquidem
733 230 861 270 diverfi
886 233 1029 281 generis
1055 231 1183 280 plantae
1206 230 1243 268 se
1266 230 1413 281 possfent
1431 231 1622 271 efficaciter
1649 233 1792 283 imprae-

235 300 347 337 gnare
368 287 429 333 m).
489 286 667 337 Idemque
697 289 737 325 in
770 287 984 338 hybridibus
1012 287 1233 325 feliciffimus
1260 287 1331 326 Ko
1347 300 1670 327 Eznnu‘rtnvs
1698 303 1792 340 aegre

237 356 283 382 ex
309 343 547 394 caryophyllo
581 343 708 381 finenfi
734 345 771 381 δε
796 345 953 381 nostrate
976 344 1123 381 mulum
1153 346 1314 382 obtinuit
1339 373 1348 387 ‚
1381 344 1524 383 nullum
1556 357 1717 394 unquam
1747 361 1792 386 ex

239 400 427 450 speciebus
454 399 599 454 diversis
619 402 669 444 71).
731 400 785 438 lta
812 413 900 438 vero
929 399 1006 438 haec
1034 400 1125 438 dicta
1157 401 1290 444 velim,
1323 414 1401 439 non
1419 409 1460 439 ut
1488 400 1600 438 fidem
1615 396 1794 452 denegem

236 458 412 494 narratis:
452 455 512 494 sed
533 450 703 509 alid'ssvera
726 456 860 506 species
884 458 1008 505 potuit
1031 456 1133 494 fuiffe
1148 485 1157 500 ‚
1197 469 1275 506 quae
1312 458 1361 494 est
1388 470 1457 507 pro
1483 456 1636 508 hybride
1662 454 1789 498 habita.

240 511 288 551 Et
316 519 438 551 tamen
476 507 734 563 experimentis
764 514 832 550 erit
859 512 1066 551 cedendum
1080 541 1091 556 ,
1123 512 1148 550 fi
1172 521 1389 563 repetentur.

576 628 609 671 §-
631 623 715 662 VII.
776 624 996 663 Animalium
1018 624 1173 671 Amores
1204 624 1250 669 ἓξ
1283 626 1463 674 eonjugia.

355 706 451 753 Quae
472 705 639 744 animalia
661 705 726 744 fibi
748 705 828 756 ipsis
853 705 1055 750 sufficiunt,
1088 720 1127 744 ea
1146 707 1205 744 vel
1222 707 1354 757 absque
1379 707 1551 745 diffimilis
1574 707 1677 746 sexus
1704 709 1797 746 indi>-

244 765 308 802 ciis
331 771 394 802 aut
420 775 493 801 ova
514 765 660 813 pariunt
677 763 713 807 ο)
729 791 739 806 ,
771 770 834 800 aut
852 765 955 801 vivos
979 763 1072 801 fetus
1090 764 1133 811 p)
1147 792 1156 806 ‚
1190 765 1227 801 δε
1251 766 1290 800 in
1315 766 1357 801 iis
1376 764 1468 802 nihil
1492 765 1562 808 est,
1594 764 1696 814 quod
1713 777 1800 802 cunr

243 821 348 858 coitu
372 831 572 869 compares.
634 818 707 856 Vel
731 819 866 857 habent
885 821 1075 869 utriusque
1095 819 1198 858 sexus
1224 820 1432 860 seminalem
1454 821 1665 870 liquorem:
1696 821 1733 858 &
1760 822 1800 858 in

243 888 284 914 ea
310 875 412 914 classe
441 875 642 914 masculum
666 874 864 914 humorem
891 876 1070 914 feminino
1104 878 1210 914 certis
1241 888 1287 913 ex
1312 877 1421 916 caufis
1445 877 1596 915 adfundi
1621 875 1798 927 oportet',

247 944 334 983 quas
362 933 574 981 ignoramus
591 931 639 980 q).

361 1022 456 1069 Quae
474 1035 563 1068 vero
581 1022 748 1060 animalia
765 1022 953 1072 utriusque
969 1022 1073 1061 sexus
1093 1023 1250 1071 genitale
1272 1024 1553 1061 instrumentum
1571 1023 1725 1066 habent,
1761 1030 1803 1060 ut

248 1087 371 1118 tamen
397 1081 435 1117 in
459 1078 493 1116 se
521 1078 603 1129 ipfis
634 1081 855 1128 concipere,
888 1091 981 1128 aque
1011 1079 1045 1116 se
1073 1079 1154 1128 ipfis
1184 1080 1372 1118 fecundari
1398 1092 1476 1116 non
1495 1078 1533 1124 r>
1567 1078 1730 1128 possint,
1763 1091 1804 1116 ea

246 1138 376 1186 utique
408 1142 557 1173 externa
584 1135 703 1185 aliqua
727 1136 764 1171 vi
792 1133 985 1183 indigent,
1020 1147 1040 1171 a
1071 1148 1141 1184 qua
1173 1137 1235 1173 ovi
1263 1138 1531 1173 incrementum
1560 1136 1801 1179 acceleretur,

248 1199 292 1231 ut
317 1194 357 1230 in=
384 1203 527 1230 novum
556 1191 689 1229 animal
713 1190 841 1228 evadat
858 1219 868 1233 ,
898 1190 1002 1240 quod
1030 1192 1069 1228 in
1095 1191 1163 1229 fuis
1192 1191 1388 1229 visceribus:
1418 1190 1610 1240 gesserunt.
1669 1191 1804 1230 Eadem

248 1261 349 1288 nunc
377 1247 544 1287 animalia
572 1249 717 1290 cotum,
751 1248 795 1284 ab
827 1246 900 1284 alio
931 1259 1065 1296 nempe
1093 1247 1245 1285 animale
1270 1248 1322 1286 sui
1345 1249 1487 1297 generis
1513 1249 1588 1284 vim
1611 1247 1805 1286 masculam

249 1306 458 1354 accipiunt,
490 1316 562 1354 qua
580 1302 607 1341 fi
627 1310 809 1346 carerent,
832 1302 959 1340 sterilia
980 1304 1212 1341 continerent
1236 1316 1325 1342 ova:
1356 1312 1418 1342 aut
1436 1303 1539 1341 alteri
1555 1302 1703 1341 vicissirn
1730 1305 1806 1341 ani-

251 1361 340 1399 mali
369 1373 449 1399 eam
472 1361 549 1398 vim
569 1361 810 1410 impertiunt,
843 1371 922 1409 quae
938 1360 1013 1406 ejus
1027 1372 1096 1397 ova
1110 1360 1289 1398 fecundet.
1326 1360 1409 1400 Ova
1422 1359 1482 1397 hic
1499 1362 1689 1398 communi
1705 1359 1807 1398 sensu

250 1418 453 1460 sumimus,
484 1429 554 1466 pro
583 1415 853 1467 conceptaculis
881 1416 1189 1467 quibuscunque,
1220 1418 1259 1454 in
1302 1418 1433 1468 quibus
1470 1416 1636 1454 futurum
1677 1415 1807 1455 animal

252 1475 426 1527 proxi-me
448 1475 668 1512 continetur.

367 1563 425 1602 Ad
445 1576 531 1603 eum
558 1565 701 1601 coitum
727 1563 892 1600 animalia
921 1563 1046 1600 omnia
1072 1562 1245 1611 cupIdine
1263 1562 1462 1612 voluptatis
1480 1552 1694 1605 incitantur,
1728 1573 1809 1612 qua

254 1620 357 1661 causa
371 1621 441 1659 fuit
461 1621 607 1658 creandi
630 1620 667 1657 V
678 1633 698 1657 E
709 1631 735 1657 N
748 1631 768 1656 Ε
781 1632 804 1657 R
817 1632 830 1656 1
845 1632 859 1656 s
884 1621 1054 1657 numinis.
1114 1618 1177 1657 De
1197 1620 1355 1657 maribus
1371 1618 1530 1656 diximus
1544 1647 1557 1661 ,
1584 1630 1695 1668 quam
1711 1631 1809 1657 acrez

256 1678 324 1716 fint
346 1689 477 1715 eorum
495 1676 542 1714 ad
560 1677 703 1714 coitum
726 1675 860 1713 stimuli
874 1673 922 1722 s).
984 1675 1028 1714 In
1048 1676 1184 1713 femina
1207 1675 1318 1713 iidem
1345 1676 1385 1714 in
1407 1674 1614 1714 universum
1642 1676 1808 1713 mitiores

256 1734 349 1774 funt.
410 1732 574 1783 Oportet
601 1739 723 1770 autem
746 1732 824 1769 haec
847 1731 1037 1781 explicare.

370 1823 550 1862 Animalia
561 1851 572 1867 ,
605 1835 684 1873 quae
697 1822 784 1860 sexu
798 1821 1070 1871 distinguuntur
1080 1851 1090 1866 ,
1123 1829 1185 1860 aut
1203 1833 1332 1870 vagam
1347 1832 1434 1858 cum
1451 1820 1517 1858 alia
1531 1832 1748 1870 quacunque
1758 1819 1812 1858 fui

259 1882 406 1929 generis
418 1881 552 1917 femina
567 1891 737 1918 venerem
751 1888 934 1921 exercent,
948 1886 1010 1916 aut
1023 1886 1192 1917 tenentur
1204 1879 1394 1926 conjugio,
1412 1878 1447 1914 &
1461 1878 1614 1926 quisque
1628 1889 1702 1913 mas
1713 1876 1812 1914 suam

260 1937 434 1974 feminam
457 1936 568 1973 habet
583 1964 593 1978 ‚
626 1947 705 1985 quae
733 1947 817 1971 eum
845 1935 963 1973 solum
988 1935 1180 1977 admittat,
1215 1935 1250 1971 δι
1273 1946 1382 1983 quam
1407 1933 1504 1970 solus
1528 1931 1677 1970 viciffim
1703 1938 1807 1969 amet.

261 1992 354 2030 Rara
381 1992 547 2041 exempla
570 1991 652 2029 sunt
678 1992 870 2039 conjugii3
903 1991 983 2029 sunt
1000 1999 1121 2029 tamen
1141 1992 1178 2028 in
1198 1991 1322 2028 avibus
1348 2018 1358 2033 ,
1395 1991 1430 2026 &
1465 1991 1501 2026 in
1532 1989 1713 2027 columbis
1745 1999 1814 2025 no-

263 2048 409 2091 tiffima,
445 2056 527 2086 tum
552 2050 590 2085 in
617 2047 811 2086 hirundine
827 2075 837 2090 ,
870 2049 908 2084 in
940 2049 1105 2091 ciconia,
1150 2048 1189 2084 in
1215 2047 1289 2084 aliis
1314 2044 1512 2095 plusculis3
1540 2052 1683 2083 tantum
1712 2043 1814 2094 quod

1778 2112 1815 2136 m

303 2161 346 2194 m)
370 2157 453 2188 Conf.
472 2159 634 2194 Hmnlmrg.
648 2157 771 2194 Magna.
796 2155 832 2187 T.
845 2156 924 2195 IL-p:
939 2159 1006 2193 461,

304 2207 336 2229 η)
359 2200 478 2235 zweyte
494 2197 615 2238 Fortsez.
638 2207 668 2235 p.
685 2203 751 2233 ¹08·

305 2245 334 2274 οι)
356 2249 385 2276 Ρ.
399 2249 426 2274 4.

300 2280 334 2318 Β)
356 2290 383 2317 p·
404 2288 427 2313 ³-

305 2322 337 2359 q)
359 2330 388 2357 Ρ.
406 2329 430 2356 5·

306 2362 335 2437 Β
353 2370 386 2433 1p
402 2365 523 2431 {lxm
542 2409 569 2437 p.
586 2404 650 2437 516.
667 2401 693 2431 ἃ
707 2400 739 2431 12.
754 2399 868 2432 XXlX.
883 2412 913 2440 p.
930 2410 973 2432 11.
