1955 2732
445 117 614 156 sEoT.
637 105 739 165 HJ„
785 116 808 155 S
839 116 867 156 E
897 115 930 156 c
960 114 998 153 U
1026 114 1064 153 N
1094 115 1131 154 D
1161 116 1216 155 Ε
1535 128 1612 166 255

59 225 101 262 lis
134 225 269 262 arteriae
302 232 543 274 comparetur.
585 224 628 263 Id
651 225 943 273 experimentum
969 235 1049 261 mea
1072 236 1149 261 non
1177 222 1406 261 confirmant.
1454 223 1497 262 In
1515 224 1621 274 pullo

62 276 188 318 arteria
213 282 288 319 fere
315 285 485 320 coccinea
502 311 511 325 ‚
543 293 633 318 vena
657 281 816 318 violacea
827 280 858 330 f
862 284 873 323 )
897 283 954 323 est.
989 282 1029 318 ln
1052 281 1128 318 fetu
1154 280 1317 319 humano
1346 293 1533 330 nunquam
1555 282 1623 319 fio.

63 337 185 375 ridum
216 337 428 386 sanguinem
458 339 566 384 vicli3
615 349 736 387 neque
775 338 941 387 intelligo
972 367 981 381 ,
1025 344 1067 375 ut
1103 337 1266 386 placenta
1287 366 1296 381 ‚
1339 338 1376 374 in
1409 350 1479 386 qua
1503 338 1623 376 certis-

59 392 145 430 fime
193 394 299 432 nullae
335 394 404 432 fint
441 400 552 432 aereae
594 394 787 431 mutabiles
834 396 993 434 veficulae
1026 421 1036 436 ‚
1085 393 1192 443 pOsfit
1231 394 1419 444 pulmonis
1469 406 1622 432 munere

62 450 176 499 fungi.

173 531 333 581 Chylum
358 544 443 568 eum
464 531 524 570 hic
548 543 632 569 cum
657 531 828 579 sanguine
839 532 884 578 g)
912 530 1052 568 misceri
1072 559 1081 573 ‚
1115 539 1176 568 aut
1206 533 1242 568 in
1268 531 1432 580 placenta
1453 530 1495 576 h)
1525 530 1623 581 sepa-

58 589 128 624 rari
156 587 224 624 alii.
269 588 313 625 Et
341 588 467 638 chylizs
492 600 576 626 cum
607 588 779 637 sanguine
805 586 955 637 quidem
979 587 1090 636 longa
1122 588 1435 625 circumductione
1471 600 1535 637 per
1563 600 1623 625 va-

58 643 92 680 sa
115 645 276 681 animalis
305 645 474 683 miscetur
498 673 508 688 ‚
540 657 660 694 neque
682 645 725 681 ab
752 657 797 682 eo
821 643 945 681 officio
969 644 1173 692 placentam
1192 644 1385 687 excludas,
1405 656 1515 693 quam
1540 644 1623 693 pos-

57 698 99 736 fis
127 712 196 748 pro
221 702 355 739 viscere
377 702 471 739 fetus
493 703 662 739 omnium
689 700 906 750 ampliffimo
935 700 1075 738 habere.

169 780 423 831 Depuratione
447 783 590 831 sanguis
616 796 692 820 non
716 782 819 820 valde
844 781 1010 830 indiget,
1038 783 1100 831 qui
1126 781 1240 819 fetum
1257 782 1338 823 alit,
1366 793 1451 819 cum
1475 792 1622 831 aequum

56 835 98 874 fit
119 839 280 881 creditu,
312 842 350 876 in
374 842 468 876 uteri
492 839 577 876 valis
602 841 762 876 minimis
783 851 867 877 eum
893 838 1104 886 sanguinem
1133 837 1332 887 percolari,
1360 839 1423 887 qui
1441 837 1485 874 ad
1507 838 1624 876 fetum

58 896 202 937 veniat,
230 908 349 945 neque
375 896 566 944 particulis
589 898 728 934 vitiatas
751 896 908 937 adlerie,
942 903 1120 944 qnantum
1143 894 1291 945 quidem
1317 906 1365 932 eae
1386 895 1429 932 ab
1450 894 1526 932 ullo
1546 895 1624 931 san-

56 953 168 1000 guine
189 951 303 989 abeffe
328 952 482 1001 potsunt.
518 952 561 990 Et
582 961 704 990 tamen
725 953 815 990 fetui
834 952 903 991 suae
924 951 1005 990 sunt
1025 952 1128 989 faeces
1143 980 1154 996 ,
1188 952 1224 989 &
1245 952 1456 989 meconium
1477 979 1488 994 ‚
1522 952 1558 988 &
1584 952 1625 989 in

57 1008 175 1045 bestiis
199 1008 438 1058 copiosissima
456 1011 568 1047 urina.

168 1088 244 1126 Effe
267 1090 524 1127 diverticulum
541 1118 552 1133 ‚
585 1102 660 1139 quo
678 1089 819 1138 sanguis
842 1089 1006 1137 divergat
1022 1088 1052 1133 i)
1072 1117 1083 1132 ,
1117 1088 1205 1126 dum
1231 1089 1362 1137 pulmo
1384 1100 1429 1125 ex
1449 1090 1537 1126 aeris
1559 1088 1622 1126 de-

57 1144 152 1182 feou
181 1146 353 1194 explicari
374 1155 553 1196 nequeat,
573 1147 642 1183 alii.
684 1146 753 1184 Sed
778 1145 899 1195 pullus
925 1147 964 1182 in
991 1157 1065 1183 ovo
1097 1157 1167 1182 nec
1192 1145 1265 1195 ipse
1291 1145 1487 1195 pulmones
1513 1145 1622 1183 habet

56 1201 221 1239 mobiles.

170 1281 354 1331 Magnum
373 1281 440 1320 effe
469 1283 751 1321 instrumentum
774 1282 1035 1333 percolationis
1057 1283 1223 1320 humoris
1248 1296 1267 1320 a
1294 1290 1408 1320 matre
1434 1282 1479 1319 ad
1504 1283 1621 1321 fetum

57 1339 175 1376 euntis
194 1367 205 1382 ,
237 1339 363 1377 nobile
398 1337 563 1377 officium
595 1339 643 1376 est
674 1340 859 1389 placentae.
918 1340 1051 1389 Neque
1081 1347 1287 1388 repugnat,
1320 1340 1532 1388 sanguinem
1570 1342 1621 1377 fe-

56 1402 114 1433 tus
141 1397 177 1432 in
212 1403 366 1434 matrem
392 1397 555 1438 rem1tti‚
601 1403 643 1433 ut
667 1408 732 1445 per
763 1397 838 1445 ejus
872 1396 1004 1433 viscera
1026 1425 1036 1439 ‚
1071 1397 1106 1432 &
1141 1396 1219 1433 vasa
1254 1395 1468 1445 perficiatur.
1532 1395 1620 1434 Haec

57 1453 155 1490 enim
184 1459 365 1492 tantarum
394 1453 606 1491 arteriarum
636 1453 901 1491 umbilicalium
927 1452 1175 1491 faciendarum
1200 1452 1345 1490 videtur
1374 1452 1475 1491 causa
1510 1452 1587 1490 ess'e.

1293 1646 1515 1687 SECTIO
1545 1645 1609 1686 IV.

91 1897 131 1937 s)
153 1900 249 1928 Form.
265 1899 305 1928 du
315 1897 412 1936 poulet
422 1898 463 1927 Il.
479 1906 506 1933 p.
523 1902 568 1934 38.

92 1950 123 1977 gt
149 1940 314 1968 NEEDHAM
335 1948 362 1976 p.
383 1947 431 1974 47.
462 1937 491 1967 F.
512 1938 664 1970 HorMAN.
680 1934 872 1978 med-system.
888 1947 917 1977 p.
938 1943 1006 1977 348.

94 1980 127 2015 h)
155 1980 345 2015 ARANrrus,
369 1978 509 2009 RtoLAN.
530 1989 555 2017 p.
575 1988 640 2017 373.

96 2021 122 2057 i)
142 2020 354 2050 SrALPAAxT.
374 2018 546 2060 nutrit.set.
559 2029 587 2058 p.
603 2029 668 2058 535.
