1955 2732
261 126 340 153 viu
697 113 1366 154 PRAEFATIO.

376 219 466 259 Haec
493 221 641 271 antiqua
658 235 666 259 ;
700 222 860 272 sequitur
887 234 964 259 mea
991 234 1059 272 pro
1089 221 1180 260 WA
1194 235 1214 260 c
1227 236 1252 260 n
1266 235 1285 260 E
1296 235 1322 260 N
1336 235 1361 259 r>
1374 234 1397 260 o
1410 235 1431 259 R
1445 235 1464 259 r
1479 234 1492 259 1
1506 234 1529 260 ο
1560 223 1686 261 iisse-‘lix
1713 225 1823 262 inter-

268 302 384 342 ceffio.
450 302 660 341 Defideravi
692 303 889 352 equidem,
924 303 1115 346 modeste,
1149 316 1234 342 cum
1271 305 1427 354 plurima
1451 304 1548 352 justae
1578 308 1821 344 venerationis

270 383 555 434 significatione,
578 391 620 421 ut
645 383 831 433 placuisset
855 384 1009 422 Summo
1032 383 1134 422 V1R
1149 397 1173 422 o
1189 414 1198 427 ‚
1230 398 1300 435 pro
1326 385 1385 424 sua
1417 385 1642 423 humanitate
1663 414 1673 430 ,
1711 388 1821 425 citare

271 464 532 514 discipulorum
553 465 701 503 suorum
718 468 885 508 inventa,
919 466 954 502 &
973 478 992 502 a
1015 466 1203 504 calumniis
1224 467 1380 504 aliorum
1405 467 1516 516 plagii
1540 480 1601 505 eos
1621 468 1821 517 postulatu-

268 558 395 584 rorum
421 546 513 583 tueri
533 546 580 595 h)
597 574 607 589 ,
640 545 664 582 fi
681 546 829 596 quando
851 546 978 596 aliquis
997 547 1160 585 nostrum
1181 550 1282 597 prior
1303 547 1532 597 descripsisset
1553 549 1687 598 aliquas
1707 561 1820 587 novas

270 629 434 677 corporis
461 626 611 664 humani
634 627 825 676 particulas
847 657 856 671 ‚
893 641 980 678 quas
1000 635 1121 666 tamen
1142 628 1213 677 ipse
1238 629 1443 678 Praeceptor
1468 631 1567 678 prius
1589 629 1749 674 vidiss'et,
1780 637 1822 668 ut

267 710 413 746 interim
442 720 621 757 nusquam
650 708 726 746 suas
749 710 1001 748 adnotationes
1024 708 1243 759 publicasset,
1307 710 1410 748 Nihil
1429 710 1671 749 desiderassem
1693 711 1817 754 simile,

267 789 332 827 nisi
357 789 416 827 W
428 801 450 826 A
463 801 483 826 c
495 801 519 825 H
533 801 553 826 E
566 801 592 826 N
606 802 630 827 D
643 802 666 827 o
682 802 704 827 R
717 803 738 827 F
753 803 802 828 111
815 804 830 828 s
862 790 1016 840 petiisset
1033 804 1041 828 ε
1073 803 1149 828 non
1175 803 1292 829 meam
1323 793 1381 840 egi
1404 791 1543 829 causam
1560 819 1570 834 ,
1604 793 1668 840 qui
1694 793 1821 829 inven-

267 878 310 908 tae
334 871 553 907 membranae
572 871 688 919 gloria
704 871 874 909 facillime
893 872 980 911 huic
999 872 1054 911 Cl.
1076 874 1154 910 viro
1174 872 1263 910 ceffi.
1321 873 1488 910 Nimium
1508 875 1601 910 forte
1620 874 1739 911 amico
1764 874 1819 910 in-

266 950 377 994 dulfi,
400 952 433 988 δι
454 959 554 989 erant
574 958 695 989 tamen
712 954 906 991 manifestae
925 954 1034 992 causae
1051 983 1061 997 ,
1095 966 1159 992 cur
1178 954 1387 1002 deprecarer
1407 954 1603 991 calumnias
1619 953 1710 991 male
1727 954 1818 991 mihi

266 1033 492 1082 cupientium
514 1032 553 1077 i).
615 1032 756 1071 Verum
785 1033 810 1071 fi
843 1042 971 1084 praeter
998 1048 1076 1073 rem
1111 1035 1247 1086 aliquid
1281 1034 1472 1072 desideravi
1489 1062 1500 1077 ,
1543 1036 1632 1084 quid
1667 1035 1818 1079 demtum

265 1115 304 1151 in
326 1127 366 1152 ea
391 1120 466 1150 erat
486 1114 728 1163 imprudentia
755 1117 862 1152 tantis
888 1116 948 1152 iris
970 1116 1134 1164 dignum.

375 1223 479 1262 Nihil
501 1225 688 1263 sollicitavi
718 1227 757 1263 in
780 1226 963 1276 prioribus
982 1226 1036 1265 Cl.
1061 1226 1143 1265 Viri
1167 1228 1304 1276 juribus
1322 1255 1331 1270 ,
1363 1225 1477 1265 solam
1501 1227 1653 1266 tutelam
1678 1227 1817 1264 amico-

265 1318 347 1345 rum
365 1334 376 1349 ‚
407 1318 601 1356 meamque
622 1306 784 1357 suscepi,
816 1308 948 1358 absque
974 1310 1078 1346 omni
1103 1308 1290 1346 Arnim
1313 1309 1452 1356 injuria.

380 1418 450 1456 Sed
480 1418 591 1456 tribui
621 1418 736 1462 mihi,
769 1431 849 1469 quae
875 1426 975 1457 erant
994 1420 1181 1457 Arnum
1201 1432 1209 1457 ε
1239 1420 1412 1458 fabricam
1436 1419 1726 1456 membranarum
1745 1413 1813 1467 k),

268 1512 347 1549 quae
371 1511 417 1537 ex
443 1499 611 1537 cellulosa
637 1499 706 1538 tela
735 1501 907 1538 constant.
967 1500 1076 1538 Rotae
1101 1502 1131 1538 A
1147 1513 1197 1538 Ln
1214 1513 1226 1538 1
1242 1513 1266 1538 N
1282 1513 1304 1538 u
1319 1514 1335 1537 s
1356 1529 1366 1544 ‚
1397 1499 1421 1537 fi
1446 1499 1510 1537 fibi
1535 1499 1693 1536 vindicat
1710 1527 1720 1541 ,
1739 1511 1816 1536 non

267 1582 391 1618 omnia
406 1579 473 1618 effe
489 1579 678 1623 vasculosa,
698 1593 778 1630 quae
792 1582 961 1620 videntur
980 1594 991 1627 3
1016 1581 1176 1619 multum
1197 1581 1362 1620 decidere
1382 1581 1507 1623 alieni,
1530 1580 1618 1618 dum
1633 1581 1812 1617 membra-

266 1674 320 1699 nae
337 1690 346 1704 ,
375 1669 436 1700 aut
452 1661 652 1710 glandulae,
675 1670 737 1700 aut
753 1663 882 1700 viscera
898 1691 907 1706 ,
935 1664 972 1700 in
988 1675 1079 1712 aqua
1100 1670 1350 1701 macerantur:
1382 1674 1422 1700 ea
1441 1664 1537 1699 enim
1555 1663 1655 1710 prior
1674 1660 1812 1698 docuit,

266 1741 407 1781 Verum
426 1742 594 1780 cellulosa
618 1742 674 1780 fila
698 1742 766 1781 effe
780 1772 790 1786 ‚
825 1745 860 1781 δι
880 1744 1068 1782 laminulas
1087 1772 1098 1787 ,
1130 1755 1176 1781 ex
1195 1746 1326 1794 quibus
1348 1744 1384 1781 δι
1405 1745 1503 1784 vasa,
1527 1743 1563 1779 δι
1584 1743 1812 1784 membranae,

269 1825 304 1862 ὃς
324 1823 472 1862 demum
495 1825 626 1862 viscera
644 1852 653 1867 ‚
686 1831 870 1874 tamquam
887 1836 931 1862 ex
950 1826 1114 1874 principe
1135 1826 1198 1864 suo
1228 1825 1410 1863 elemento
1426 1830 1755 1872 componerentur,
1775 1821 1814 1859 id

267 1905 414 1955 quidem
436 1917 555 1954 neque
579 1905 708 1943 docuit
730 1907 755 1943 A
768 1918 819 1943 Ln
834 1919 846 1942 1
860 1918 886 1943 N
900 1919 920 1943 u
935 1920 950 1943 s
970 1936 978 1949 ,
1015 1919 1133 1955 neque
1157 1918 1256 1944 nunc
1270 1935 1280 1949 ,
1300 1912 1476 1956 quantum
1502 1904 1629 1946 video,
1653 1903 1761 1940 docet
1771 1901 1812 1945 l).

266 1985 337 2026 Fac
355 1998 415 2023 me
438 1985 562 2023 errasse
580 2015 591 2029 ‚
626 1987 684 2024 sed
706 1994 827 2024 tamen
849 1987 892 2024 ad
914 2000 992 2025 mea
1013 1989 1159 2037 propria
1179 1989 1444 2037 experimenta,
1462 1997 1546 2023 cum
1558 1985 1695 2023 morbis
1711 1995 1814 2022 com-

266 2075 409 2117 parata,
442 2066 536 2105 hanc
553 2079 690 2105 novam
705 2068 877 2105 fabricam
898 2068 1097 2118 proposui:
1128 2068 1219 2106 nihil
1243 2069 1333 2106 mihi
1359 2068 1470 2105 tribui
1501 2066 1615 2105 alieni.

1742 2175 1812 2215 Sed

328 2257 338 2276 N

306 2258 330 2327 ξ’)
357 2255 405 2324 §Aedi
420 2265 608 2326 plfuzaesssicxsei
636 2296 770 2327 Ltmuu
792 2296 818 2327 ἃ
835 2296 858 2332 J.
877 2294 908 2327 B.
928 2295 1078 2328 BrAnci-ix
1102 2295 1244 2335 exemplo,

306 2338 337 2412 ξ),
353 2342 468 2413 illilus-op.
486 2385 550 2407 121.
