1955 2732
338 115 419 153 280
811 105 906 147 LIB.
937 107 1084 149 XXIX.
1146 110 1172 149 F
1202 110 1231 151 E
1261 112 1295 151 T
1325 112 1360 152 U
1391 112 1424 152 S.

333 219 371 256 &
396 229 443 256 ex
467 215 610 266 guttula
634 215 779 254 seminis
804 216 992 254 increvisse
1011 217 1072 262 e),
1106 221 1323 259 incrementi
1349 220 1538 259 materiem
1565 227 1686 260 autem
1712 233 1778 272 per
1802 229 1894 262 arte-

332 276 400 312 rias
417 303 427 318 ,
466 287 531 324 per
561 275 597 310 &
629 273 751 311 cordis
779 275 853 310 vim
881 273 1020 310 adferri.

446 356 572 401 Quare
601 356 637 392 Sc
665 367 765 393 venae
800 355 966 404 perfestae
987 354 1190 394 adfuerunt.

447 436 629 474 Vasorum
654 438 770 485 magis
797 436 954 486 perfetia
979 437 1061 474 sunt
1084 435 1228 486 alias),
1262 451 1342 488 quae
1369 440 1540 477 vertebris
1567 440 1786 478 incumbunt
1805 469 1814 484 ,
1832 448 1894 479 aut

333 494 479 544 pestore
517 496 552 530 δε
586 494 783 530 abdomine
815 495 1078 537 continentur,
1110 495 1377 545 imperfecliora
1400 525 1410 540 ,
1443 508 1576 546 nempe
1603 496 1821 545 graciliora,
1855 498 1891 535 &

334 552 527 592 breviora,
554 562 633 599 quae
664 551 702 586 in
726 550 884 587 artubus,

446 631 591 669 Nervos
613 660 622 673 ,
656 630 718 668 etfi
749 644 812 671 eos
842 644 921 669 non
952 631 1108 670 vidimus
1126 662 1135 676 ,
1169 644 1215 671 ex
1241 635 1367 683 capitis
1384 634 1660 682 magnitudine,
1683 634 1898 684 spinalisque

333 688 501 726 medulla:
516 687 588 735 g),
614 688 650 724 δι
672 700 718 725 ex
741 687 1029 726 consideratione
1054 690 1147 727 fetus
1168 690 1356 728 adultioris
1373 719 1382 733 ,
1417 690 1531 728 adesse
1554 699 1723 740 putamus
1744 692 1893 740 ubique,

333 745 461 783 iisdem
487 745 589 786 locis,
605 757 696 793 quos
726 746 764 782 in
788 745 913 782 adulto
937 744 1089 783 homine
1112 754 1248 784 tenent.
1292 747 1405 786 Oculi
1430 760 1525 798 pene
1549 749 1681 785 maturi
1700 746 1891 797 adparent,

334 801 525 840 decolores
549 809 673 838 tamen
695 801 744 845 h).

449 883 681 930 Tegumenta
711 882 864 926 adsunt,
891 894 1011 933 neque
1038 895 1120 919 vera
1140 882 1169 930 i)
1202 883 1272 921 fuit
1307 884 1497 922 adnotatio
1516 912 1525 927 ‚
1568 896 1638 934 qua
1669 896 1735 922 cor
1764 884 1896 934 absque

335 939 533 978 involucris
560 939 692 977 dicitur
719 938 828 977 fuisse.
894 939 1034 977 Tenuia
1055 940 1115 976 ista
1138 939 1219 977 sunt
1237 940 1273 976 δε
1299 941 1464 978 araneosa
1485 970 1495 984 ‚
1529 949 1698 979 caeterum
1723 942 1761 978 in
1788 941 1896 978 dorso
1936 949 1938 951 '

335 999 399 1089 vizie
435 1009 454 1033 a
489 995 657 1033 cellulosa
689 996 908 1034 subcutanea
937 995 1152 1045 separantur.
1216 996 1320 1034 Nihil
1347 996 1516 1035 hactenus
1540 997 1749 1047 plumarum
1776 1026 1787 1041 ‚
1827 1009 1896 1036 nec

334 1066 374 1103 pi
390 1064 507 1091 orum.

448 1134 493 1172 In
509 1133 706 1171 abdomine
722 1132 848 1171 eadem
868 1134 998 1182 vagina
1017 1134 1052 1171 δε
1071 1133 1318 1173 umbilicalem
1332 1134 1557 1178 funiculum,
1578 1135 1615 1172 δε
1631 1146 1709 1173 non
1727 1136 1898 1185 exiguam

336 1198 477 1243 partem
508 1191 685 1228 viscerum
711 1190 917 1228 abdominis
941 1191 1117 1228 continet.

448 1272 641 1311 Viscerum
671 1272 815 1310 nullum
838 1272 987 1322 adparet
1004 1272 1071 1318 k),
1104 1284 1181 1309 non
1211 1272 1314 1322 quod
1357 1272 1456 1310 nulla
1496 1270 1610 1310 adsmt
1630 1301 1639 1315 ,
1672 1284 1757 1309 nam
1785 1271 1898 1321 hepar

337 1331 396 1369 die
425 1338 556 1381 quarto
577 1328 606 1372 l)
629 1329 795 1367 absoluto
809 1330 882 1377 jam
907 1330 1036 1377 ingens
1055 1329 1125 1372 est,
1147 1336 1190 1368 ut
1211 1330 1320 1367 etiam
1337 1329 1456 1368 multo
1472 1330 1593 1367 minus
1615 1327 1789 1378 potuiffet
1809 1340 1899 1366 con-

340 1388 455 1439 spici,
489 1386 514 1423 fi
541 1386 708 1425 colorem
743 1384 928 1424 habuisset.

453 1467 572 1506 Etiam
600 1467 741 1505 cerebri
768 1465 931 1505 veficulae
954 1465 1103 1509 adsunt,
1129 1465 1188 1503 sed
1214 1465 1401 1516 encephali
1419 1465 1471 1510 m)
1505 1473 1631 1504 natura
1649 1465 1760 1504 fluida
1784 1465 1842 1504 est.

454 1548 711 1587 Musculorum
740 1548 856 1586 solum
888 1560 953 1586 cor
980 1547 1179 1597 perfetium
1213 1548 1287 1591 est,
1320 1548 1355 1585 &
1383 1547 1564 1585 irritabile.
1616 1548 1824 1586 Adfuerunt
1846 1554 1899 1586 ta-

341 1618 425 1644 men
453 1608 552 1643 muci
578 1605 694 1654 specie
719 1604 898 1647 musculi,
931 1612 972 1642 ut
996 1604 1160 1647 constat,
1195 1604 1219 1641 fi
1241 1606 1279 1642 in
1305 1604 1406 1653 pullo
1429 1612 1525 1642 artus
1552 1617 1570 1642 a
1592 1606 1708 1654 prima
1731 1604 1808 1647 die,
1827 1616 1898 1654 qua

341 1663 493 1701 musculi
519 1661 795 1710 conspiciuntur
814 1689 825 1704 ,
857 1661 1054 1699 retrorsum
1077 1661 1233 1710 sequaris
1251 1690 1259 1704 ,
1294 1663 1329 1697 Sc
1354 1668 1465 1704 tunc,
1500 1661 1648 1710 quando
1672 1673 1823 1699 mucum
1843 1661 1899 1699 so-

341 1721 417 1758 lum
446 1719 568 1762 vides,
601 1727 705 1756 aceto
733 1718 1004 1756 confirmaveris
1023 1746 1032 1760 ,
1067 1725 1129 1755 aut
1158 1719 1234 1754 vini
1263 1719 1410 1767 spiritu:
1442 1718 1490 1754 ita
1516 1719 1614 1754 enim
1637 1730 1760 1755 carnes
1778 1729 1900 1766 opacae

341 1777 566 1826 adparebunt
583 1804 592 1818 ,
626 1787 705 1825 quae
726 1774 915 1824 pellucidae
934 1774 1101 1812 latebant.
1145 1773 1329 1811 Tendines
1358 1774 1394 1810 &
1422 1781 1511 1811 tunc
1528 1774 1618 1811 nulli
1645 1774 1749 1817 sunt,
1773 1774 1809 1811 &
1835 1786 1899 1823 per

343 1841 465 1872 totum
491 1840 636 1881 tempus
664 1832 873 1880 gestationis
902 1831 1031 1868 molles
1052 1858 1062 1873 ,
1096 1829 1194 1868 crassi
1215 1859 1225 1873 ,
1256 1830 1481 1873 succulenti,
1514 1843 1534 1867 a
1561 1830 1761 1869 musculosa
1794 1842 1900 1868 carne

343 1902 472 1940 parum
498 1889 672 1926 differunt
690 1917 699 1931 ,
731 1900 851 1937 neque
875 1887 1105 1937 splendorem
1120 1915 1130 1930 ,
1162 1894 1224 1925 aut
1240 1886 1413 1925 duritiem
1432 1886 1567 1925 habent
1582 1914 1592 1930 ,
1625 1888 1757 1936 quibus
1782 1887 1901 1924 tendi-

345 1960 406 1984 nes
423 1946 636 1984 adultorum
662 1945 873 1982 animalium
894 1944 927 1982 se
945 1944 1110 1982 efferunt.
1785 1967 1895 2006 Attus

385 2027 412 2057 e)
435 2026 455 2055 A
474 2024 655 2063 longitudine
672 2033 747 2061 pene
764 2022 840 2053 nulla
861 2023 896 2052 ad
911 2023 961 2052 has
983 2033 1030 2057 40.
1051 2021 1218 2052 centesimas
1241 2019 1354 2059 pollicis

381 2065 419 2105 f)
442 2067 527 2095 Aorta
545 2087 553 2099 ,
581 2065 689 2094 radices
707 2064 846 2094 urreriosae
859 2086 867 2100 ‚
892 2063 1001 2094 arteriae
1019 2061 1195 2093 umbilicales
1209 2084 1218 2099 ‚
1241 2072 1315 2093 vena
1337 2071 1426 2100 cava,
1454 2072 1535 2094 venae
1554 2061 1750 2100 umbilicales,
1775 2061 1832 2093 obs.
1848 2065 1895 2101 ⁶7-

347 2112 393 2145 69.
414 2117 460 2144 70.
480 2116 525 2143 71¹.
541 2114 586 2141 72.
605 2114 649 2141 73.
669 2114 715 2142 77.
732 2111 778 2142 78.
797 2114 843 2142 79.
858 2111 905 2139 80.

385 2150 418 2185 χ)
440 2147 524 2177 conf.
540 2147 638 2175 icone„
659 2145 858 2175 Mammam.

388 2189 420 2218 hl
443 2188 518 2217 Hora
534 2197 578 2222 51.
597 2186 653 2215 obs.
669 2197 705 2222 49

387 2231 410 2262 i)
435 2229 472 2258 ib.
487 2227 520 2258 ll.
546 2237 572 2265 p.
597 2231 643 2256 66.
677 2227 783 2256 Susum
798 2237 891 2264 gener.
914 2235 942 2264 p.
962 2235 1008 2255 21.
1037 2226 1064 2256 ἃ
1089 2234 1182 2262 nuper
1201 2224 1241 2254 Cl.
1260 2224 1419 2255 Womus
1442 2232 1539 2255 tamen
1561 2236 1611 2255 cor
1634 2225 1744 2256 nudum
1767 2223 1824 2254 esse
1841 2246 1850 2260 ‚
1875 2225 1903 2254 δε

349 2269 555 2299 membranam,
574 2277 658 2306 quam
674 2267 805 2302 viderim,
824 2268 938 2296 amnion
956 2266 1010 2296 esse
1024 2290 1032 2302 ,
1062 2267 1183 2296 adseruit
1195 2277 1302 2303 erzmg.
1322 2276 1349 2304 p.
1370 2275 1435 2302 259.
1469 2267 1527 2305 Ego
1545 2267 1662 2304 quidem
1676 2266 1705 2296 id
1719 2265 1902 2296 involucrum

349 2309 498 2339 mmifesto
517 2309 599 2338 video
617 2309 701 2345 capiri
719 2307 879 2343 adhaerere‚
911 2310 935 2337 ἃ
954 2307 1115 2337 abdominis
1135 2306 1285 2337 involucro
1307 2307 1477 2338 continuari.

390 2352 419 2380 k=
446 2350 516 2379 Vide
530 2351 566 2378 de
580 2350 682 2386 hepate
698 2371 706 2383 ,
728 2348 810 2383 form.
822 2350 862 2377 dtr
873 2350 966 2386 poulec
980 2351 1019 2378 II.
1037 2358 1063 2386 p.
1084 2357 1144 2385 123.

398 2392 424 2425 l)
449 2392 472 2419 ἱ).
493 2390 509 2419 ί,
530 2390 585 2418 ΘΗ
609 2400 660 2424 104
696 2390 804 2426 Quinta
822 2390 939 2418 demum
964 2399 1022 2418 non
1041 2390 1114 2419 bene
1134 2389 1239 2419 Suus
1257 2398 1285 2427 p.
1304 2397 1350 2420 22.

397 2434 440 2468 m)
461 2430 527 2460 Oos.
544 2440 589 2467 70.
604 2432 657 2462 ἃς.
681 2430 734 2460 Die
749 2437 848 2467 quarto
861 2430 978 2462 Suara,
