1955 2732
381 100 1393 149 secvnlNCREMENTUM.
1656 111 1686 159 '5'

162 195 327 236 Maxima
361 209 555 244 venarum,
595 201 831 246 umbilicalis,
860 202 1074 252 sanguinem
1099 203 1204 244 suum
1231 205 1280 244 ita
1302 203 1484 251 ducebat.
1529 211 1570 247 ut
1595 216 1691 259 pene

93 263 193 296 totus
222 259 260 295 in
292 257 458 298 foramen
487 260 591 299 ovale
615 262 846 313 incumberet
874 266 973 310 (n).

152 315 242 355 Haec
266 325 344 356 tota
365 332 464 358 nunc
495 321 653 358 maxima
681 321 874 371 sanguinea
900 323 1074 376 columna
1100 324 1269 363 auriculae
1281 325 1418 363 dextrae
1446 324 1614 364 decedit:
1649 326 1685 364 ὃς

55 410 60 415 .
92 373 183 414 dum
209 375 342 415 finistra
370 379 543 418 columna
569 370 764 430 'potentius
793 381 938 426 resistit,
985 383 1111 422 dextra
1140 384 1296 423 debilius
1325 383 1493 433 impellit.
1543 384 1597 424 Ita
1622 385 1686 422 de-

91 437 204 486 nique
227 437 271 474 ad
290 439 532 487 aequilibrium
566 443 794 489 pervenitur,
833 441 871 479 in
900 455 977 492 quo
1005 443 1170 489 valvula,
1196 444 1316 483 media
1338 446 1433 482 inter
1443 444 1598 496 aequales
1616 456 1684 495 po·

89 497 219 533 tentias
248 495 432 546 suspensa,
464 500 502 536 in
526 507 694 538 neutram
719 509 859 550 partem
880 502 987 539 cedit.

147 553 349 605 Nunquam
370 565 493 601 autem
513 558 551 596 id
572 559 815 609 aequilibrium
839 561 992 611 plenum
1017 563 1086 606 est,
1125 562 1192 601 nifi
1219 563 1345 603 dustus
1374 562 1562 603 arteriosus
1582 569 1684 603 totus

84 610 194 652 fuerit
222 625 442 662 excaecatus,
475 625 517 658 ut
542 618 688 658 nullum
714 632 818 659 nunc
842 620 1057 672 sanguinem
1079 635 1098 661 a
1119 623 1326 674 pulmonali
1363 625 1491 663 arteria
1528 626 1568 662 in
1604 635 1686 663 aor-

85 679 162 711 tam
189 674 307 714 ducat.

145 732 189 772 Id
213 734 432 787 plerumque
464 738 540 776 cito
567 736 635 782 fit,
669 751 756 778 cum
783 739 967 790 sanguinis
995 754 1060 791 per
1088 750 1229 782 aortam
1267 743 1447 782 venientis
1482 742 1676 787 columna,

83 792 301 833 immensum
320 796 441 840 austu,
481 797 676 848 postquam
705 812 797 838 vena
829 802 1045 840 umbilicalis
1090 815 1183 842 caeca
1233 803 1309 846 est,
1352 802 1502 841 duetum
1531 803 1681 842 arterio·

80 850 160 890 sum
188 854 278 902 (ο)
313 863 440 906 urgeat
472 865 601 896 contra
634 861 800 897 arteriam
829 861 1101 910 pulmonalem,
1140 864 1178 901 δι
1210 861 1411 912 complicet
1443 863 1481 900 &
1506 869 1675 901 excaecet.

80 908 186 950 Fetui
206 922 316 964 caput
334 928 532 961 cernuum,
553 918 652 956 anuli
669 919 797 968 asperae
819 923 953 960 arteriae
1006 932 1030 970 ρ
1049 932 1057 961 3·-
1081 922 1146 961 fibi
1161 923 1348 973 proximi:
1375 921 1446 959 Sed
1467 923 1493 959 ii
1513 922 1585 970 jam
1607 931 1678 960 ter-

79 971 135 1009 tio
170 972 229 1012 die
260 986 281 1013 a
307 975 378 1015 suis
404 977 630 1016 contafflbus
675 979 907 1026 recesserant,
954 983 993 1020 δι
1017 982 1138 1033 aspera
1184 984 1312 1022 arteria
1346 981 1469 1021 multo
1514 981 1674 1033 amplior

79 1038 155 1070 erat
176 1034 193 1079 (
213 1037 276 1081 q).

137 1090 248 1131 Tunc
273 1101 416 1139 autem,
467 1107 554 1134 cum
589 1099 711 1135 omnis
745 1097 887 1147 sanguis
924 1103 1060 1140 arteriae
1095 1100 1318 1152 pulmonalis
1345 1101 1383 1139 in
1413 1103 1550 1141 atrium
1584 1099 1672 1140 fini·

74 1147 190 1187 strum
219 1156 360 1197 veniat,
389 1154 531 1193 valvula
561 1155 750 1195 foraminis
779 1159 891 1196 ovalis
919 1160 1070 1198 demum
1083 1169 1253 1210 potenter
1270 1161 1488 1208 sustinetur.
1525 1166 1567 1202 ut
1581 1171 1671 1214 pau·

76 1218 162 1248 cum
177 1236 188 1253 ,
217 1209 246 1249 fi
275 1212 392 1252 ullum
408 1242 418 1258 ,
470 1213 686 1265 sanguinem
712 1218 751 1256 in
779 1217 898 1257 finum
925 1218 1106 1259 finistrum
1130 1223 1359 1260 transmittat.

363 1325 399 1369 §-
432 1320 519 1362 111.
598 1324 705 1365 Petri
736 1326 887 1367 Simonis
918 1327 951 1368 R
964 1342 988 1369 ο
1002 1342 1026 1369 u
1043 1343 1069 1369 H
1081 1343 1105 1369 A
1116 1343 1139 1370 u
1153 1342 1175 1369 r.
1186 1342 1212 1369 τ
1243 1332 1370 1381 opinio.

132 1437 277 1489 Ingenii
306 1439 485 1491 speciem,
526 1451 569 1484 ut
588 1447 713 1484 omnia
740 1445 849 1497 hujus
880 1450 948 1487 viri
980 1449 1140 1494 habent,
1184 1461 1266 1501 quae
1288 1449 1335 1488 de
1364 1448 1554 1488 foraminis
1583 1449 1671 1489 ovaS

71 1495 116 1536 lis
151 1499 361 1539 occlufione
392 1503 493 1542 dixit.
545 1505 773 1556 Neutiquam
799 1520 820 1545 a
847 1520 942 1547 nova
973 1508 1209 1560 respiratione
1239 1510 1335 1548 hanc
1363 1511 1613 1549 maximorum
1628 1510 1670 1549 in

74 1569 176 1596 novo
193 1558 346 1598 homine
376 1561 544 1602 vasorum
569 1568 813 1605 mutationem
830 1568 1000 1617 pendere.
1036 1567 1082 1608 In
1106 1569 1186 1620 ipso
1211 1570 1414 1621 embryone
1434 1568 1554 1609 causas
1575 1567 1665 1614 effe.

73 1628 153 1668 quae
176 1617 306 1658 sensim
336 1629 511 1661 eventum
547 1632 741 1664 maturent.

130 1676 175 1717 In
194 1686 324 1719 tenero
351 1680 428 1720 fetu
455 1682 620 1723 foramen
652 1685 755 1724 ovale
773 1686 947 1736 grandius
967 1687 990 1736 (
1006 1684 1060 1735 a)
1088 1685 1157 1726 esse
1177 1687 1214 1727 &
1231 1695 1371 1727 aortam
1395 1699 1544 1739 parvam
1563 1685 1668 1737 (b),'

73 1735 110 1776 ἃ
140 1737 290 1779 ductum
310 1740 523 1782 arteriosum
544 1752 656 1785 aortae
680 1755 805 1795 parem
842 1747 942 1797 (c),
991 1747 1030 1786 &
1062 1744 1242 1789 finistrum
1272 1748 1562 1845 ventriculum,st
1583 1746 1665 1786 fini-

1563 1816 1664 1846 rum·

67 1948 596 2074 ae{23}a{3³«}{l{3⁰552⁸f⁰⁰m
621 1995 726 2029 durans
750 1996 876 2030 nteriori
897 2006 914 2030 a
936 1995 1079 2037 preffionu
1100 1999 1177 2033 inter
1202 2004 1349 2034 tumentes
1385 1998 1534 2033 broncho-
1560 1995 1659 2034 Mfm!

207 2072 319 2103 Psi-u*
343 2074 438 2109 Μόνη.
459 2079 493 2107 de
517 2076 630 2110 meaa.
655 2088 723 2113 ann.
742 2088 831 2121 1733.
859 2089 889 2121 p.
905 2088 955 2115 n.

210 2123 248 2187 ij.
259 2123 389 2189 ⁷5<x1x.

210 2197 238 2226 L.
255 2198 372 2230 xxix.

108 2071 174 2110 (p)

106 2112 180 2150 (4)

104 2154 177 2190 (a)

106 2195 177 2233 (b)

104 2236 175 2276 (c)
206 2236 272 2279 old:
298 2249 392 2279 μη

1058 2348 1154 2400 (3)
1221 2360 1239 2395 a
