1955 2732
241 138 403 178 SECT.
436 141 488 178 Il.
550 137 905 180 PRIMORDIA
944 137 1103 178 N-o-Vr
1146 139 1450 179 ANIMALIs.
1553 150 1626 188 ιω
1686 126 1690 129 '

63 247 296 295 cartilagineo
316 276 326 289 ,
360 247 468 284 etiam
499 246 671 296 lapideo,
704 249 986 290 contineantur,
1019 247 1176 296 suntque
1203 248 1395 285 arboribus
1425 247 1595 287 simillimi
1619 278 1629 293 ‚

63 317 148 343 cum
171 303 322 352 perinde
349 314 393 340 ex
421 306 613 340 communi
636 312 769 341 trunco
796 317 915 342 ramos
941 306 1118 340 emittant.
1179 302 1225 341 Et
1258 316 1297 341 ea
1326 312 1405 341 tota
1432 315 1522 351 gens
1544 319 1634 356 pro-

62 368 215 410 pagatur
241 360 375 410 absque
405 358 516 403 sexu,
548 367 609 398 aut
647 362 686 397 in
724 360 861 398 duabus
897 361 1028 410 plantis
1065 359 1181 398 diviso
1202 389 1212 403 ‚
1245 362 1369 401 autin
1397 372 1508 398 unam
1544 375 1634 400 con-

63 418 196 466 juncto.

399 524 435 566 ᾗ,
467 520 659 560 XXXVI.
721 522 824 573 „Quid
851 523 898 559 ad
927 522 988 569 zsta
1019 522 1296 571 respondentur?

128 640 130 643 -
179 611 272 657 Quae
302 611 473 650 haetenus
497 614 724 650 'narravimus
752 641 762 656 ,
795 625 860 662 per
885 625 924 650 ea
953 613 1007 651 cl.
1041 615 1107 651 viri
1139 627 1291 652 omnem
1320 614 1572 653 evolutionem
1596 628 1634 653 e-

65 669 157 706 verti
195 667 348 717 persuasi
381 668 470 707 sunt.
531 668 576 706 Et
610 671 772 718 primum
805 683 869 718 per
901 671 1067 708 animalia
1096 670 1247 720 hybrida
1265 671 1330 715 a),
1362 678 1472 721 atque
1496 685 1561 721 per
1589 672 1633 709 fi-

64 725 311 762 militudinem
327 723 368 769 h)
385 727 494 775 patris
516 726 552 762 ἃ
573 728 695 762 matris
713 728 751 763 in
776 726 881 775 prole
908 729 1037 775 partita
1050 728 1169 771 vinci,
1189 728 1306 765 fetum
1329 740 1406 765 non
1425 730 1523 778 prius
1543 741 1634 766 con-

63 782 234 820 structum
261 781 329 818 effe
347 809 356 823 ‚
390 794 501 831 quam
534 781 610 819 duo
638 782 773 820 semina
803 784 992 821 commista
1021 784 1182 827 fuerint,
1216 785 1253 821 &
1282 785 1432 822 demum
1454 786 1500 822 ab
1524 792 1631 823 utro-

64 851 136 889 que
166 838 301 876 semine
326 837 484 888 aliquam
505 846 647 888 partem
666 840 780 888 prolis
808 840 903 878 nasci
935 841 971 876 &
1006 840 1162 889 figurari.

176 919 293 958 Porro
322 932 444 958 naevos
467 919 619 970 perinde
646 922 834 960 ostendere
858 929 1015 972 putant,
1048 922 1220 961 fabricam
1239 923 1449 972 embryonis
1469 935 1546 960 non
1562 922 1631 961 effe

62 976 323 1020 invariabilem,
342 989 462 1027 neque
479 990 589 1015 manu
608 977 729 1016 divina
748 978 1012 1028 praefiguratam
1028 992 1035 1017 :
1070 987 1179 1029 atque
1199 979 1315 1018 fetum
1328 992 1392 1029 per
1413 980 1531 1017 causas
1550 980 1632 1029 post

63 1035 351 1083 conceptionem
381 1034 675 1083 supervenientes
698 1037 844 1084 penitus
865 1036 909 1073 ad
932 1035 1043 1074 alium
1067 1037 1308 1086 archetypum
1331 1035 1430 1085 posse
1457 1037 1627 1075 construi.

65 1089 232 1128 Monstra
253 1087 294 1140 c)
322 1090 454 1128 eodem
474 1090 588 1140 scopo
606 1092 740 1134 citant,
776 1092 836 1129 sed
858 1094 901 1129 iis
929 1094 1122 1142 proprium
1149 1092 1286 1130 librum
1306 1093 1484 1130 dedimus.

178 1170 418 1208 Renascentes
439 1172 479 1216 d)
499 1172 658 1222 polypos
679 1201 689 1216 ‚
724 1174 760 1210 ὃς
782 1173 1007 1222 perficientes
1032 1174 1091 1211 sua
1117 1177 1234 1223 capita
1261 1173 1473 1216 lumbricos,
1495 1175 1631 1212 iterum

67 1234 242 1277 putarunt
257 1227 470 1271 ostendere,
502 1229 589 1266 strui
613 1229 779 1266 animalia
808 1243 853 1267 ex
878 1230 1060 1279 glutinosa
1087 1232 1237 1268 materie
1257 1259 1267 1273 ,
1300 1243 1420 1279 neque
1435 1231 1564 1268 strutia
1585 1231 1632 1269 de

66 1296 177 1322 manu
208 1285 379 1321 creatrice
404 1285 545 1327 emitti,
580 1297 649 1334 qua
680 1287 876 1335 indignum
904 1286 968 1331 fit,
1001 1286 1047 1324 ad
1079 1287 1241 1325 lubitum
1269 1288 1442 1326 tentaturi
1468 1288 1630 1325 incisoris

67 1342 173 1379 novis
200 1337 357 1378 brachiis'
392 1340 509 1379 amiffa
537 1340 712 1391 supplere.

180 1421 317 1469 Similia
338 1422 438 1473 sequi
456 1435 501 1460 ex
517 1423 639 1461 caudis
654 1423 686 1468 e)
704 1453 715 1467 ,
742 1426 952 1469 cornubus,
985 1425 1097 1463 chelis
1114 1425 1326 1464 animalium
1349 1425 1626 1464 renascentibus.

179 1503 370 1555 Siquidem
411 1506 519 1543 etiam
559 1507 597 1542 in
633 1505 758 1544 adulto
799 1506 950 1545 homine
985 1506 1084 1551 ossa,
1117 1508 1224 1550 vasa,
1257 1507 1441 1551 musculi,
1473 1508 1630 1557 reparari

70 1559 218 1610 possunt
240 1589 250 1604 ,
282 1561 373 1597 nihil
402 1562 626 1600 intercedere
647 1591 656 1605 ‚
690 1565 779 1612 quin
809 1563 943 1613 possint
964 1566 1002 1601 in
1028 1565 1238 1614 embryone.
1281 1564 1393 1603 Nulla
1425 1566 1523 1602 enim
1544 1576 1631 1602 cum

66 1616 185 1667 specie
201 1618 277 1655 veri
301 1617 374 1655 diei
389 1617 490 1668 poffe
506 1647 516 1662 ,
553 1618 686 1657 callum
706 1619 836 1658 offium
861 1634 907 1659 ex
923 1623 1089 1671 germine
1117 1623 1271 1672 reparari
1290 1650 1300 1665 ‚
1333 1621 1435 1671 quod
1457 1621 1630 1659 structum

69 1674 198 1723 praesto
226 1674 345 1712 fuerit.

181 1755 254 1793 Alii
279 1755 442 1793 subtilius
469 1757 697 1806 progressum
729 1755 822 1808 inf)
853 1759 1038 1799 infinitum
1057 1789 1066 1803 ,
1111 1760 1148 1797 δε
1178 1771 1368 1798 enormem
1397 1758 1630 1797 subtilitatem

69 1812 243 1858 germinis
271 1813 310 1849 in
335 1812 461 1850 ultima
481 1816 717 1862 generatione
740 1817 945 1863 objiciunt:
975 1825 1036 1855 aut
1069 1816 1225 1853 diminui
1260 1818 1360 1864 ajunt
1386 1823 1566 1865 perpetuo
1584 1818 1630 1862 g)

70 1879 266 1906 numerum
294 1868 597 1909 animalculorum
613 1871 893 1917 involutorum,
926 1874 963 1911 δι
981 1874 1072 1911 adeo
1093 1873 1220 1912 ultima
1240 1873 1404 1922 germina
1423 1873 1631 1923 primorum

68 1922 246 1962 diffimilia
275 1924 361 1964 fieri.

1520 2017 1631 2056 Nunc

112 2102 146 2138 a)
172 2105 261 2140 Negre
273 2104 356 2133 blanc
372 2114 400 2142 p.
423 2115 466 2143 13.
492 2109 535 2136 16.
577 2104 797 2136 Mannum
817 2104 881 2147 citff
895 2117 909 2136 e
923 2107 1018 2137 lettere
1030 2105 1051 2137 1.
1072 2115 1099 2144 p.
1118 2114 1166 2143 71.

113 2144 147 2180 h>
169 2143 297 2172 Bonos
331 2145 366 2174 T.
384 2145 409 2175 11
438 2156 466 2184 p.
491 2153 554 2183 158.

111 2184 141 2217 c)
166 2183 384 2214 ΜΑΝτειΑεει
402 2195 429 2221 p.
446 2191 494 2223 ⁶9·
541 2187 773 2218 Hamzossxm.
798 2194 869 2217 extr.
890 2189 955 2217 crit.
974 2197 1001 2226 p.
1022 2196 1066 2224 19.
1083 2195 1129 2216 20.

112 2225 147 2260 d)
164 2223 230 2262 ‚Ipse
254 2226 357 2255 metuit
381 2225 564 2258 Wmsrow.
583 2238 667 2259 mem.
683 2231 717 2258 de
735 2238 819 2267 1743.
841 2239 869 2267 p.
889 2237 955 2266 357.

113 2266 142 2297 e)
164 2265 286 2301 Smne.
304 2273 445 2296 autocrat.
461 2275 559 2298 natur.

109 2304 148 2343 f)
170 2305 308 2335 Borion.
334 2306 367 2336 T.
385 2307 418 2336 ll.
435 2318 462 2346 p.
485 2318 546 2344 155.
564 2312 629 2345 156.

112 2346 146 2383 g)
168 2346 313 2378 MOLLER.
333 2350 495 2387 Hamlmrg.
513 2351 636 2388 Magaz.
650 2351 708 2379 ΙΙΙ.
724 2359 752 2379 n.
765 2359 791 2380 2.

131 2412 298 2454 HALLER
324 2416 467 2464 Phyfiol.
500 2417 609 2456 Tom.
635 2418 736 2456 VIII.
770 2418 807 2457 P.
839 2418 866 2457 Ι.
1107 2418 1141 2455 Y
