1955 2732
421 139 590 179 8501:
624 138 691 177 IV.
753 136 964 176 VITA
1022 135 1298 175 FETUS.
1557 150 1633 187 397

385 251 417 292 §-
450 245 545 285 LIII.
609 244 663 285 JV
667 253 684 282 Ι
697 254 729 283 Ν
735 253 755 282 S
765 254 789 282 l.
804 252 828 282 O
845 251 909 280 W!
945 244 1073 291 Opinio
1104 241 1340 280 conciliatrix,

195 337 393 374 Conciliari
425 337 523 386 posse
557 337 695 374 Meam
731 336 943 373 sententiam
971 346 1057 372 cum
1087 331 1334 370 Hmvmmr
1362 332 1391 383 J.
1425 332 1633 372 Remmius

81 392 306 430 Wmsrow
325 393 362 437 a)
390 393 453 431 fibi
470 393 637 442 persuafit
660 421 668 435 ‚
706 405 783 429 non
811 391 882 429 fine
909 390 1118 440 sequacibus
1144 388 1191 432 h).

194 473 386 512 Valvulam
409 487 500 523 ergo
526 475 713 512 foraminis
735 473 847 511 ovalis
867 473 1011 522 penitus
1042 473 1076 515 c)
1099 470 1356 519 negligendam
1380 470 1449 508 effe
1470 472 1633 511 censebat

83 531 135 566 vir
165 530 216 568 Cl.
248 537 289 567 ut
312 532 349 568 in
375 531 451 568 fetu
474 543 555 568 vere
582 533 688 568 unica
711 528 751 575 d)
779 529 938 567 auricula
958 528 1026 570 fit,
1065 529 1167 575 cujus
1194 528 1321 564 dexter
1346 527 1489 566 loculus
1510 540 1528 565 a
1551 527 1634 566 smi-

80 586 152 623 stro
184 586 298 623 libero
333 587 367 623 &
401 594 546 636 patente
570 594 691 624 meatu
715 586 808 623 male
834 585 1081 634 distinguatur.
1142 583 1351 621 promiscue
1375 586 1530 621 omnino
1558 584 1633 622 san-

79 643 229 690 gninem
259 654 277 679 a
311 643 446 680 dextris
475 645 514 680 in
541 643 672 680 sinistra
698 643 810 685 ferri,
845 643 881 679 &
907 640 1054 678 viciffim
1083 642 1120 677 in
1144 638 1276 676 sinistra
1306 652 1325 676 a
1351 641 1485 677 dextris
1507 640 1628 683 fluere,

79 710 198 747 exque
225 700 331 736 unica
362 699 460 748 quafi
490 700 670 741 auricula,
700 701 736 735 in
761 707 960 747 utrumque
986 696 1229 734 ventriculum
1259 696 1406 744 inpelli,
1441 705 1480 733 ut
1500 700 1631 734 utrius-

79 766 149 802 que
172 757 304 803 pariter
327 756 519 793 ventriculi
537 757 670 793 viribus
693 767 758 804 per
778 756 864 793 duas
890 756 1044 802 majores
1065 754 1231 795 arterias,
1259 760 1445 801 tamquam
1463 765 1526 801 per
1550 754 1631 790 uni„-

77 822 155 847 cam
179 838 188 853 ,
221 810 361 859 sanguis
391 813 608 861 exprimitur
624 813 669 858 e).
711 810 903 850 Valvulam
937 818 1058 849 autem
1087 809 1212 847 futuro
1242 810 1371 858 parieti
1405 810 1629 857 intergerino

75 868 263 904 materiem
294 867 430 906 servare
436 867 495 918 f).

186 948 361 986 inutilitas
389 949 497 996 hujus
523 949 712 997 peculiaris
739 949 881 986 fabrica:
907 949 944 985 in
967 948 1034 985 hac
1058 948 1235 995 opinione
1262 947 1442 983 continuo
1460 945 1628 995 perspici-

74 1013 142 1040 tur.
191 1004 293 1041 Nihil
330 1007 426 1042 enirn
460 1005 644 1042 adtinebat
677 1004 777 1042 aliter
794 1034 803 1047 ,
830 1017 937 1054 quam
964 1007 999 1041 in
1026 1004 1150 1041 adulto
1177 1003 1329 1040 homine
1346 1031 1354 1044 ,
1387 1004 1459 1039 vias
1486 1004 1523 1039 in
1551 1002 1628 1040 fetu

74 1059 288 1108 disposuisse.
323 1061 455 1110 Neque
484 1061 592 1098 video
621 1061 710 1110 quid
733 1061 923 1099 commodi
951 1062 1058 1098 unica
1081 1060 1174 1097 auris
1203 1058 1296 1096 duos
1320 1058 1462 1107 replens
1492 1059 1627 1096 ventri-

74 1115 176 1153 culos
201 1116 328 1154 habeat
345 1145 356 1160 ,
389 1117 490 1166 quod
517 1130 593 1154 non
625 1119 663 1154 in
686 1117 824 1155 duabus
852 1118 997 1155 auribus
1022 1115 1073 1153 fit.

183 1196 330 1234 Deinde
354 1199 579 1235 anatomicus
606 1197 720 1235 subest
748 1211 857 1235 error.
906 1198 1059 1235 Certum
1092 1198 1189 1234 enim
1221 1196 1269 1233 est
1286 1224 1296 1238 ‚
1328 1195 1505 1232 valvulam
1530 1196 1625 1233 fora-

70 1253 177 1289 minis
210 1253 321 1290 ovalis
351 1255 387 1290 in
415 1254 490 1292 fetu
512 1255 701 1291 maturiori
712 1251 761 1302 g)
792 1255 953 1303 regendo
976 1254 1157 1302 sanguinis
1179 1253 1300 1291 motui
1327 1250 1511 1296 sufficere,
1545 1252 1582 1289 &
1605 1263 1624 1290 a

70 1308 206 1346 dextris
235 1310 273 1346 in
298 1309 430 1347 sinistra
458 1309 644 1347 tranfitum
668 1312 877 1359 permittere
896 1339 905 1353 ‚
939 1323 1015 1348 non
1040 1308 1201 1347 vicissim.

182 1389 224 1427 In
250 1390 327 1428 fetu
358 1391 461 1429 valde
494 1399 620 1429 tenero
643 1420 652 1434 ,
686 1392 721 1428 &
757 1391 931 1440 quamdiu
956 1393 1087 1429 unicus
1125 1391 1246 1428 cordis
1284 1389 1334 1427 est
1366 1388 1588 1427 ventriculus
1610 1417 1620 1433 ,

72 1457 149 1482 non
175 1458 342 1495 repugno
361 1475 372 1490 ,
405 1449 494 1496 quin
521 1448 612 1485 adeo
641 1447 754 1486 facilis
777 1446 818 1485 fit
841 1460 905 1497 per
931 1447 1097 1484 foramen
1115 1446 1218 1484 ovale
1245 1445 1409 1483 tranfitus
1426 1473 1435 1488 ,
1467 1452 1507 1482 ut
1527 1453 1623 1482 utra-

69 1514 140 1551 que
169 1504 326 1541 auricula
361 1516 433 1541 una
467 1503 647 1553 repleatur
669 1533 679 1547 ‚
719 1505 755 1541 &
787 1516 856 1553 pro
884 1505 990 1541 unica
1019 1503 1188 1541 haetenus
1223 1501 1329 1551 poffit
1363 1501 1509 1543 haberi,
1543 1513 1622 1550 quae

69 1557 279 1606 amplissime
311 1561 596 1597 communicent.
619 1597 621 1599 ,
661 1559 703 1597 Id
729 1568 873 1608 tempus
898 1560 1007 1597 breve
1033 1559 1176 1596 videtur
1197 1587 1207 1601 ,
1240 1569 1359 1607 neque
1392 1558 1427 1593 in
1463 1559 1622 1606 quadru-

67 1614 159 1663 pede
183 1615 369 1652 foraminis
393 1616 505 1653 ovalis
532 1615 644 1652 exstat
667 1618 844 1653 memoria
864 1643 873 1658 ,
907 1614 1009 1665 quod
1030 1622 1153 1652 totum
1174 1621 1340 1663 apertum
1357 1613 1475 1650 fuerit.
1524 1613 1621 1650 Nam

67 1671 175 1707 etiam
203 1672 239 1707 in
267 1671 369 1720 pullo
392 1672 592 1719 gallinaceo
620 1671 810 1709 discrimen
834 1671 1075 1709 auricularum
1101 1681 1249 1720 praecox
1270 1670 1328 1707 est.
1391 1668 1480 1706 Vidi
1500 1676 1620 1706 tamen

66 1726 104 1763 in
130 1727 294 1776 porcello
319 1727 468 1765 caesareo
490 1757 501 1772 ,
536 1727 712 1765 valvulam
741 1729 845 1775 tertia
869 1734 971 1777 parte
998 1726 1094 1764 foffae
1123 1726 1234 1764 ovalis
1266 1737 1343 1763 non
1374 1726 1560 1773 majorem.

523 1853 554 1894 ἓ.
590 1848 686 1887 LIV.
747 1849 849 1887 Num
870 1847 967 1898 fetus
996 1848 1172 1898 respiret?

179 1938 390 1978 Gratuitum
409 1938 577 1982 videtur,
611 1951 769 1989 quaerere
795 1939 839 1977 de
868 1939 1111 1989 phaenomeno
1128 1968 1137 1983 ‚
1171 1938 1273 1990 quod
1298 1938 1462 1988 undique
1488 1937 1528 1976 fit
1547 1940 1616 1976 im-

67 1993 239 2044 poffibile.
300 1995 407 2034 Fetus
438 1997 536 2032 enim
564 1995 724 2033 hominis
752 1996 786 2032 &
814 1995 1055 2045 quadrupedis
1080 1997 1117 2032 in
1147 1995 1275 2034 mediis
1301 1996 1403 2044 aquis
1436 2005 1615 2044 perpetuo

65 2052 244 2100 mergitur
262 2081 273 2096 ,
305 2064 427 2102 eaeque
452 2063 553 2101 aquae
578 2053 795 2090 membranis
822 2054 1006 2090 continuis
1037 2051 1254 2091 clauduntur
1272 2065 1293 2094 ,‘
1311 2063 1390 2101 quae
1411 2053 1614 2090 aesernini-

760 2107 797 2146 D
813 2108 834 2144 d
847 2108 869 2145 d
907 2118 923 2152 3
1471 2107 1613 2155 pulsum

103 2193 136 2224 αὐ
160 2195 244 2225 Mem
261 2195 295 2223 de
309 2194 424 2225 I'Acad.
441 2202 508 2224 ann.
522 2201 605 2232 ¹7¹7·
626 2204 654 2232 p.
670 2203 735 2232 223.
756 2195 849 2225 stlem.
866 2196 900 2224 de
917 2203 999 2232 1725.
1015 2205 1040 2233 p.
1066 2204 1132 2233 27¹·
1151 2194 1209 2233 sqq.

104 2236 135 2271 b)
158 2235 192 2264 H.
212 2235 242 2263 A.
258 2234 400 2264 Nreorm
416 2234 511 2275 diree'l.
528 2233 585 2273 vas
603 2244 630 2271 p.
645 2246 690 2270 54.
711 2246 754 2271 55.
780 2234 875 2264 Orio
893 2235 1010 2272 Jurrux
1029 2235 1171 2265 Wanssnss
1186 2245 1214 2274 p.
1235 2245 1278 2273 54.

103 2275 132 2308 ο)
157 2276 251 2305 Mem.
270 2277 303 2304 de
322 2283 394 2311 172<
422 2284 447 2312 p.
467 2280 533 2306 262.
558 2276 695 2313 der-117.
712 2285 739 2313 p.
756 2284 824 2306 221.

102 2315 135 2351 d)
159 2316 252 2345 Mem.
270 2317 403 2352 de1717.
420 2324 606 2353 P-223122-4-

103 2355 131 2388 e)
152 2364 170 2390 p
202 2364 267 2390 224.

99 2393 139 2432 s)
159 2394 226 2423 ibid.

100 2433 136 2472 ε)
156 2443 185 2472 P·
202 2444 266 2472 391·
