1955 2732
285 112 446 159 SECT.
478 111 531 151 II.
592 112 952 153 PRIMORDIA
993 113 1157 169 Novi
1198 115 1505 156 ANIMALIS.
1623 123 1672 161 81

222 218 387 266 Quando
410 219 537 258 eadem
561 222 728 258 materies
749 222 797 258 ita
819 221 1051 267 abundato,
1081 229 1121 259 ut
1148 222 1193 260 ad
1226 221 1458 261 nutriendam
1486 225 1648 274 plantam
1664 226 1680 268 ,ζ

112 284 173 316 aut
197 277 241 314 ad
266 277 437 314 alendum
464 277 621 320 animal,
655 289 754 315 nunc
773 277 952 327 superflua
970 279 1013 316 lit
1029 308 1037 322 ‚
1069 280 1266 317 remittitur
1281 281 1314 322 s)
1341 280 1468 318 eadem
1487 283 1531 319 ab
1556 283 1678 319 omni-

109 335 178 372 bus
204 335 366 383 partibus
381 336 549 383 corporis
565 363 576 377 ,
608 335 647 372 in
673 335 868 384 proprium
888 334 1181 385 receptaculum,
1205 335 1343 385 liquida
1364 336 1491 385 specie.
1551 337 1600 375 Ea
1624 351 1680 376 re-

110 390 298 440 ceptacula
324 390 406 428 sunt
433 390 534 428 testes
558 391 748 440 utriusque
771 391 874 429 sexus
890 394 930 434 t).
991 392 1081 430 Non
1105 400 1279 440 generant
1306 392 1398 431 adeo
1415 394 1586 432 *animalia
1611 395 1680 431 im-

112 456 275 489 matura,
308 446 411 495 quod
435 447 532 485 nulla
563 447 776 496 corpu-scula
809 450 981 496 organica
1009 448 1187 498 superflua
1211 449 1367 487 habeant
1384 448 1442 501 n).
1504 449 1550 487 Et
1579 450 1680 489 craffi
1729 444 1732 446 ’

110 504 192 541 sunt
216 503 374 541 eunuchi
393 503 457 548 x),
492 505 576 553 quia
592 504 684 541 nihil
701 503 781 552 ipsis
797 503 940 541 decedit
961 517 973 550 3
1007 505 1050 542 Et
1074 506 1172 543 senes
1194 506 1411 551 infecundi,
1446 508 1530 558 quia
1545 519 1679 546 eorum

110 568 230 610 partes
259 561 367 596 nimis
402 559 500 597 durae
525 560 616 597 nihil
637 562 806 608 organici
835 563 1029 599 remittunt
1036 562 1090 609 y).

222 641 266 679 Iu
294 653 339 679 eo
367 641 524 679 humore
551 654 679 679 omnes
704 642 906 680 moleculae
927 646 1075 693 corpori
1101 643 1263 682 animalis
1287 644 1462 694 analogae
1483 646 1679 683 continen-

111 705 183 740 tur,
201 699 324 736 omnia
339 698 430 736 adeo
450 711 529 748 quae
553 701 790 748 requiruntur
819 700 863 736 ad
891 700 1128 739 formandum
1159 713 1221 737 ens
1249 702 1381 744 minus,
1406 704 1438 738 ei
1458 703 1612 750 perfeCle
1637 702 1680 740 fi-

111 756 198 792 mile
216 752 266 805 z)
284 783 296 798 ‚
331 767 350 792 a
376 767 451 804 quo
478 756 552 794 hoc
579 768 722 794 novum
749 756 881 793 animal
910 757 1074 796 nascitur.
1136 758 1222 805 Ejus
1257 760 1356 795 enim
1388 759 1580 797 moleculae
1603 762 1681 798 cui-

111 823 184 861 que
214 813 308 860 parti
341 813 508 861 corporis
539 812 701 850 animalis
736 813 898 862 analogae
921 814 1034 863 sunt,
1066 828 1086 854 a
1117 826 1188 865 qua
1210 826 1364 865 quaeque
1388 817 1427 853 in
1457 816 1585 853 testem
1623 829 1680 854 re-

112 870 272 906 mittitur
284 897 293 911 ,
311 868 347 906 &
371 881 495 906 earum
511 869 607 920 quafi
622 871 829 911 extrat‘htm„

223 950 428 1001 Adeoque,
468 952 616 1002 quando
654 965 694 990 ea
737 953 904 990 materies
945 964 1009 1002 per
1047 953 1261 991 interiorem
1291 953 1490 991 modulum
1516 954 1679 991 animalis

109 1005 271 1049 transiit,
307 1008 342 1045 &
369 1021 467 1046 nunc
498 1009 682 1046 faventem
707 1016 854 1047 uterum
875 1011 1009 1058 reperit
1029 1038 1038 1051 ‚
1072 1017 1163 1047 tune
1187 1010 1338 1059 quidem
1367 1010 1500 1047 animal
1520 1011 1558 1055 a)
1589 1010 1681 1059 ejus-

110 1063 198 1100 dem
224 1063 352 1112 speciei
377 1065 577 1102 moleculas
599 1067 716 1103 unitas
743 1066 925 1115 producit.
988 1065 1025 1103 Si
1046 1067 1167 1103 minus
1198 1067 1321 1106 favens
1351 1067 1460 1105 fuerit
1484 1069 1511 1103 is
1538 1075 1676 1111 uterus.

112 1129 333 1168 generantur
350 1122 444 1158 entia
461 1123 633 1170 organica
647 1150 658 1164 ‚
692 1122 828 1160 diversa
851 1123 896 1159 ab
916 1121 1069 1159 animale
1082 1151 1092 1164 ‚
1126 1134 1145 1159 a
1163 1134 1239 1172 quo
1258 1124 1379 1162 semen
1398 1123 1571 1161 defluxit:
1591 1136 1680 1174 qua-

110 1175 157 1212 lia
189 1176 269 1213 sunt
299 1178 513 1225 corpuscula
545 1180 719 1226 organica
746 1179 936 1228 liquorum
963 1177 1191 1216 seminalium
1214 1182 1376 1219 utriusve
1400 1179 1504 1218 sexus
1520 1179 1586 1227 h);
1617 1187 1680 1219 aut

112 1232 235 1270 infusae
267 1245 354 1270 cum
384 1233 516 1282 plantis
541 1246 644 1284 aquae
667 1234 828 1284 hospites
856 1233 1050 1272 vermiculi
1069 1233 1112 1279 c).

223 1314 313 1352 Eam
329 1315 599 1364 produstricem
612 1318 799 1354 materiem
809 1316 885 1354 fieri
894 1315 933 1361 d>
946 1317 1046 1364 ajunt
1058 1315 1283 1366 corpusculis
1297 1318 1481 1366 organicis
1492 1317 1679 1356 mobiliffi-

112 1372 180 1408 mis
191 1400 200 1413 ‚
226 1384 387 1421 quorum
400 1380 523 1411 motus
535 1372 678 1421 figatur
689 1372 722 1417 e)
742 1386 760 1411 a
775 1374 958 1423 particulis
973 1372 1090 1412 brutis
1106 1373 1266 1422 ejusdem
1282 1376 1468 1417 materiei,
1489 1376 1525 1412 δε
1541 1375 1680 1425 potissi-

111 1440 215 1465 mum
239 1440 258 1472 a
278 1428 405 1466 salibus
425 1430 461 1466 &
473 1431 517 1468 ab
534 1429 633 1468 oleis.
693 1430 751 1469 Ab
765 1432 808 1470 iis
825 1431 1013 1469 elementis
1035 1433 1222 1469 liberatam
1238 1431 1404 1469 eamdem
1423 1435 1613 1469 materiem
1634 1431 1679 1469 ad

110 1485 281 1521 afflonem
309 1485 423 1524 redire
443 1515 453 1530 ,
494 1488 530 1524 δε
557 1489 653 1526 varie
684 1496 875 1538 vegetare,
908 1490 1020 1539 inque
1045 1489 1140 1527 entia
1166 1489 1348 1532 animata,
1380 1495 1563 1539 motuque
1590 1501 1680 1539 pro-

113 1540 266 1590 greffivo
293 1541 426 1580 donata
456 1543 625 1594 abires).

226 1621 332 1662 Hanc
359 1625 526 1663 eamdem
555 1625 828 1676 prod.u&ricem
849 1627 1039 1665 materiem
1063 1627 1101 1663 in
1126 1624 1315 1674 semineg)
1349 1625 1443 1664 virili
1468 1628 1675 1670 contineri,

153 1757 184 1789 νδ
228 1767 315 1793 .420.

154 1800 181 1835 s)
205 1767 332 1828 {aaron
354 1797 390 1829 ΙΙ.
415 1809 443 1838 p.
465 1811 510 1837 ςς.
528 1804 575 1831 62.
592 1803 639 1838 63.
656 1803 704 1836 64.
726 1809 791 1838 329-
831 1799 1011 1830 Pmcouxss
1034 1811 1062 1839 p.
1086 1811 1136 1837 49.
1175 1800 1270 1831 Brutae
1295 1799 1442 1839 puticulae
1469 1807 1676 1835 excernuntur.

113 1837 242 1869 Rumon
262 1840 299 1869 ib<
319 1850 344 1877 p.
359 1851 404 1876 44.
421 1852 466 1878 55.
497 1848 546 1872 aut
561 1842 597 1872 ad
618 1841 727 1871 arboris
747 1840 869 1871 modum
891 1840 1024 1872 crescunt
1039 1842 1076 1876 T,
1092 1842 1138 1872 vl.
1153 1851 1180 1880 p⁴
1196 1847 1243 1879 85.

154 1880 183 1915 t)
206 1880 241 1908 ib.
259 1884 344 1917 p.63.
359 1885 406 1917 64.

115 1918 118 1923 “
153 1927 189 1955 u)
212 1919 241 1949 ib
270 1930 294 1958 p.
318 1932 363 1954 <0-
384 1931 449 1960 32⁹·
474 1931 538 1960 330,

155 1969 188 1993 x)
212 1960 249 1990 ib.
267 1971 294 1998 p.
312 1966 359 1999 67.

148 2004 185 2037 y)
207 2011 225 2038 p
251 2005 307 2038 576

153 2042 185 2077 z)
210 2051 236 2079 p.
257 2048 300 2078 58.
323 2051 386 2080 329.
405 2053 470 2082 330.

158 2087 190 2115 ι)
212 2091 291 2119 p.49.
311 2093 379 2118 421.
408 2085 590 2115 Pfflcouxn
618 2094 646 2124 p.
664 2094 713 2123 49„

158 2123 193 2158 b)
215 2132 242 2159 p.
260 2128 304 2158 58.
317 2133 385 2160 42¹·

158 2164 186 2197 τ)
207 2172 233 2201 Ρ·
258 2172 324 2199 255-

155 2205 188 2239 d)
211 2213 239 2241 p.
255 2212 323 2239 421.

156 2245 182 2276 ε)
208 2244 277 2273 ἰδίἀ,

110 2286 117 2290 ·
148 2282 189 2321 s)
211 2284 281 2314 ibid.

151 2325 187 2362 vz)
209 2334 238 2362 P·
260 2335 304 2361 59·
321 2329 370 2358 62.

172 2390 338 2433 HALLER
371 2393 513 2443 thfiol.
547 2395 658 2436 Tom.
680 2396 784 2436 Vm.
816 2397 854 2436 P.
875 2396 901 2435 1.
1129 2395 1161 2435 L
