<?xml version="1.0" encoding="UTF-8"?>
<!DOCTYPE html PUBLIC "-//W3C//DTD XHTML 1.0 Transitional//EN"
    "http://www.w3.org/TR/xhtml1/DTD/xhtml1-transitional.dtd">
<html xmlns="http://www.w3.org/1999/xhtml" xml:lang="en" lang="en">
 <head>
  <title>
</title>
<meta http-equiv="Content-Type" content="text/html;charset=utf-8" />
  <meta name='ocr-system' content='tesseract 3.04.00' />
  <meta name='ocr-capabilities' content='ocr_page ocr_carea ocr_par ocr_line ocrx_word'/>
</head>
<body>
  <div class='ocr_page' id='page_1' title='image "./elementaphysiolo08hall_0089.png"; bbox 0 0 1955 2732; ppageno 0'>
   <div class='ocr_carea' id='block_1_1' title="bbox 469 131 1655 188">
    <p class='ocr_par' dir='ltr' id='par_1_1' title="bbox 469 131 1655 188">
     <span class='ocr_line' id='line_1_1' title="bbox 469 131 1655 188; baseline 0.008 -9"><span class='ocrx_word' id='word_1_1' title='bbox 469 131 1292 182; x_wconf 64' lang='lat' dir='ltr'>SECTLCONCEPTIO.</span> <span class='ocrx_word' id='word_1_2' title='bbox 1610 153 1655 188; x_wconf 71' lang='lat'>59</span> 
     </span>
    </p>
   </div>
   <div class='ocr_carea' id='block_1_2' title="bbox 111 244 1662 634">
    <p class='ocr_par' dir='ltr' id='par_1_2' title="bbox 111 244 1662 634">
     <span class='ocr_line' id='line_1_2' title="bbox 223 244 1658 293; baseline 0.002 -7"><span class='ocrx_word' id='word_1_3' title='bbox 223 247 269 286; x_wconf 68' lang='lat' dir='ltr'>ln</span> <span class='ocrx_word' id='word_1_4' title='bbox 290 256 382 290; x_wconf 74' lang='lat' dir='ltr'>ove,</span> <span class='ocrx_word' id='word_1_5' title='bbox 412 244 470 284; x_wconf 81' lang='lat' dir='ltr'>die</span> <span class='ocrx_word' id='word_1_6' title='bbox 495 257 642 284; x_wconf 84' lang='lat'><strong>10.12.</strong></span> <span class='ocrx_word' id='word_1_7' title='bbox 667 246 704 284; x_wconf 63' lang='grc' dir='ltr'>δε</span> <span class='ocrx_word' id='word_1_8' title='bbox 734 257 792 293; x_wconf 77' lang='grc' dir='ltr'>ι4.</span> <span class='ocrx_word' id='word_1_9' title='bbox 812 245 849 291; x_wconf 79' lang='grc' dir='ltr'>α)</span> <span class='ocrx_word' id='word_1_10' title='bbox 875 247 965 285; x_wconf 85' lang='lat' dir='ltr'><strong>nihil</strong></span> <span class='ocrx_word' id='word_1_11' title='bbox 983 247 1083 291; x_wconf 82' lang='lat' dir='ltr'>vidi,</span> <span class='ocrx_word' id='word_1_12' title='bbox 1116 247 1180 285; x_wconf 87' lang='lat' dir='ltr'>nifi</span> <span class='ocrx_word' id='word_1_13' title='bbox 1198 258 1348 286; x_wconf 89' lang='lat' dir='ltr'>mucum</span> <span class='ocrx_word' id='word_1_14' title='bbox 1370 247 1407 286; x_wconf 86' lang='lat' dir='ltr'>iu</span> <span class='ocrx_word' id='word_1_15' title='bbox 1434 260 1549 288; x_wconf 84' lang='lat' dir='ltr'>cornu</span> <span class='ocrx_word' id='word_1_16' title='bbox 1565 253 1658 289; x_wconf 84' lang='lat' dir='ltr'>uteri</span> 
     </span>
     <span class='ocr_line' id='line_1_3' title="bbox 112 302 1661 354; baseline -0.001 -11"><span class='ocrx_word' id='word_1_17' title='bbox 112 306 223 354; x_wconf 76' lang='lat' dir='ltr'>inque</span> <span class='ocrx_word' id='word_1_18' title='bbox 248 305 344 342; x_wconf 85' lang='lat' dir='ltr'>tuba.</span> <span class='ocrx_word' id='word_1_19' title='bbox 403 302 478 341; x_wconf 88' lang='lat' dir='ltr'>Die</span> <span class='ocrx_word' id='word_1_20' title='bbox 509 311 631 341; x_wconf 87' lang='lat' dir='ltr'>tamen</span> <span class='ocrx_word' id='word_1_21' title='bbox 663 314 724 348; x_wconf 87' lang='lat'>15.</span> <span class='ocrx_word' id='word_1_22' title='bbox 754 315 883 341; x_wconf 89' lang='lat' dir='ltr'>mucus</span> <span class='ocrx_word' id='word_1_23' title='bbox 912 304 1001 342; x_wconf 81' lang='lat' dir='ltr'>alius</span> <span class='ocrx_word' id='word_1_24' title='bbox 1025 304 1126 342; x_wconf 87' lang='lat' dir='ltr'>albus</span> <span class='ocrx_word' id='word_1_25' title='bbox 1154 305 1188 341; x_wconf 85' lang='lat'>&amp;</span> <span class='ocrx_word' id='word_1_26' title='bbox 1218 312 1351 346; x_wconf 84' lang='lat' dir='ltr'>tenax,</span> <span class='ocrx_word' id='word_1_27' title='bbox 1384 313 1425 342; x_wconf 87' lang='lat' dir='ltr'>ut</span> <span class='ocrx_word' id='word_1_28' title='bbox 1445 306 1661 353; x_wconf 73' lang='lat' dir='ltr'>conglobari</span> 
     </span>
     <span class='ocr_line' id='line_1_4' title="bbox 112 350 1658 410; baseline 0 -12"><span class='ocrx_word' id='word_1_29' title='bbox 112 359 253 410; x_wconf 86' lang='lat' dir='ltr'>poffet‚</span> <span class='ocrx_word' id='word_1_30' title='bbox 284 361 357 408; x_wconf 83' lang='lat' dir='ltr'>jam</span> <span class='ocrx_word' id='word_1_31' title='bbox 375 366 449 397; x_wconf 78' lang='lat' dir='ltr'>erat</span> <span class='ocrx_word' id='word_1_32' title='bbox 466 361 508 397; x_wconf 79' lang='lat' dir='ltr'>in</span> <span class='ocrx_word' id='word_1_33' title='bbox 526 359 682 408; x_wconf 85' lang='lat' dir='ltr'>speciem</span> <span class='ocrx_word' id='word_1_34' title='bbox 709 359 934 397; x_wconf 83' lang='lat' dir='ltr'>allantoideae</span> <span class='ocrx_word' id='word_1_35' title='bbox 958 361 1199 402; x_wconf 72' lang='lat' dir='ltr'>membranae,</span> <span class='ocrx_word' id='word_1_36' title='bbox 1217 360 1278 397; x_wconf 90' lang='lat' dir='ltr'>seu</span> <span class='ocrx_word' id='word_1_37' title='bbox 1299 360 1476 409; x_wconf 80' lang='lat' dir='ltr'>praelongi</span> <span class='ocrx_word' id='word_1_38' title='bbox 1492 350 1658 404; x_wconf 83' lang='lat' dir='ltr'>folliculi,</span> 
     </span>
     <span class='ocr_line' id='line_1_5' title="bbox 113 415 1658 465; baseline -0.001 -11"><span class='ocrx_word' id='word_1_39' title='bbox 113 415 523 454; x_wconf 58' lang='lat' dir='ltr'>ficius.1nde16.die</span> <span class='ocrx_word' id='word_1_40' title='bbox 542 415 713 453; x_wconf 85' lang='lat' dir='ltr'>nondum</span> <span class='ocrx_word' id='word_1_41' title='bbox 737 415 938 465; x_wconf 79' lang='lat' dir='ltr'>quidquam</span> <span class='ocrx_word' id='word_1_42' title='bbox 957 425 1031 453; x_wconf 81' lang='lat' dir='ltr'>erat</span> <span class='ocrx_word' id='word_1_43' title='bbox 1050 415 1257 464; x_wconf 77' lang='lat' dir='ltr'>figuratib)</span> <span class='ocrx_word' id='word_1_44' title='bbox 1319 416 1485 453; x_wconf 80' lang='lat' dir='ltr'>Tandem</span> <span class='ocrx_word' id='word_1_45' title='bbox 1514 416 1571 453; x_wconf 87' lang='lat' dir='ltr'>die</span> <span class='ocrx_word' id='word_1_46' title='bbox 1599 428 1658 462; x_wconf 88' lang='lat'>17.</span> 
     </span>
     <span class='ocr_line' id='line_1_6' title="bbox 113 471 1661 523; baseline -0.001 -13"><span class='ocrx_word' id='word_1_47' title='bbox 113 472 184 510; x_wconf 86' lang='lat' dir='ltr'>tela</span> <span class='ocrx_word' id='word_1_48' title='bbox 207 471 430 514; x_wconf 70' lang='lat' dir='ltr'>mollissima,</span> <span class='ocrx_word' id='word_1_49' title='bbox 459 471 571 521; x_wconf 85' lang='lat' dir='ltr'>qualis</span> <span class='ocrx_word' id='word_1_50' title='bbox 600 472 674 508; x_wconf 87' lang='lat' dir='ltr'>fere</span> <span class='ocrx_word' id='word_1_51' title='bbox 702 472 751 508; x_wconf 85' lang='lat' dir='ltr'>est</span> <span class='ocrx_word' id='word_1_52' title='bbox 780 473 873 508; x_wconf 82' lang='lat' dir='ltr'>inter</span> <span class='ocrx_word' id='word_1_53' title='bbox 887 472 997 520; x_wconf 86' lang='lat' dir='ltr'>pulli,</span> <span class='ocrx_word' id='word_1_54' title='bbox 1021 473 1084 523; x_wconf 83' lang='lat' dir='ltr'>qui</span> <span class='ocrx_word' id='word_1_55' title='bbox 1106 484 1180 509; x_wconf 80' lang='lat' dir='ltr'>ovo</span> <span class='ocrx_word' id='word_1_56' title='bbox 1203 474 1424 514; x_wconf 76' lang='lat' dir='ltr'><strong>continetur,</strong></span> <span class='ocrx_word' id='word_1_57' title='bbox 1441 473 1661 509; x_wconf 70' lang='lat' dir='ltr'>membranae</span> 
     </span>
     <span class='ocr_line' id='line_1_7' title="bbox 114 527 1662 578; baseline 0.001 -13"><span class='ocrx_word' id='word_1_58' title='bbox 114 528 299 566; x_wconf 64' lang='lat' dir='ltr'>vasculosae</span> <span class='ocrx_word' id='word_1_59' title='bbox 316 534 514 576; x_wconf 79' lang='lat' dir='ltr'>utrumque</span> <span class='ocrx_word' id='word_1_60' title='bbox 530 527 660 565; x_wconf 79' lang='lat' dir='ltr'>folium</span> <span class='ocrx_word' id='word_1_61' title='bbox 674 555 684 570; x_wconf 91' lang='lat'>‚</span> <span class='ocrx_word' id='word_1_62' title='bbox 717 527 923 564; x_wconf 77' lang='lat' dir='ltr'>folliculum</span> <span class='ocrx_word' id='word_1_63' title='bbox 941 528 1029 566; x_wconf 82' lang='lat' dir='ltr'>fecit</span> <span class='ocrx_word' id='word_1_64' title='bbox 1051 527 1277 576; x_wconf 84' lang='lat' dir='ltr'>oblongum,</span> <span class='ocrx_word' id='word_1_65' title='bbox 1295 528 1490 578; x_wconf 85' lang='lat' dir='ltr'>plicatum,</span> <span class='ocrx_word' id='word_1_66' title='bbox 1512 529 1662 569; x_wconf 78' lang='lat' dir='ltr'>tenerri-</span> 
     </span>
     <span class='ocr_line' id='line_1_8' title="bbox 111 580 993 634; baseline -0.001 -13"><span class='ocrx_word' id='word_1_67' title='bbox 111 596 217 622; x_wconf 87' lang='lat' dir='ltr'>mum</span> <span class='ocrx_word' id='word_1_68' title='bbox 230 612 240 626; x_wconf 92' lang='lat'><em>,</em></span> <span class='ocrx_word' id='word_1_69' title='bbox 276 591 320 621; x_wconf 86' lang='lat' dir='ltr'>=ut</span> <span class='ocrx_word' id='word_1_70' title='bbox 341 595 390 620; x_wconf 84' lang='lat' dir='ltr'>ne</span> <span class='ocrx_word' id='word_1_71' title='bbox 411 583 539 620; x_wconf 80' lang='lat' dir='ltr'>flatum</span> <span class='ocrx_word' id='word_1_72' title='bbox 565 583 714 633; x_wconf 78' lang='lat' dir='ltr'>quidem</span> <span class='ocrx_word' id='word_1_73' title='bbox 736 583 921 621; x_wconf 84' lang='lat' dir='ltr'>sustineret</span> <span class='ocrx_word' id='word_1_74' title='bbox 942 580 993 634; x_wconf 70' lang='lat' dir='ltr'>c),</span> 
     </span>
    </p>
   </div>
   <div class='ocr_carea' id='block_1_3' title="bbox 110 662 1664 883">
    <p class='ocr_par' dir='ltr' id='par_1_3' title="bbox 110 662 1664 883">
     <span class='ocr_line' id='line_1_9' title="bbox 227 662 1663 714; baseline 0 -12"><span class='ocrx_word' id='word_1_75' title='bbox 227 663 367 702; x_wconf 80' lang='lat' dir='ltr'>Eodem</span> <span class='ocrx_word' id='word_1_76' title='bbox 392 664 450 701; x_wconf 88' lang='lat' dir='ltr'>die</span> <span class='ocrx_word' id='word_1_77' title='bbox 468 662 507 707; x_wconf 80' lang='lat' dir='ltr'>d&gt;</span> <span class='ocrx_word' id='word_1_78' title='bbox 528 665 565 701; x_wconf 88' lang='lat' dir='ltr'>in</span> <span class='ocrx_word' id='word_1_79' title='bbox 590 664 656 702; x_wconf 79' lang='lat' dir='ltr'>alia</span> <span class='ocrx_word' id='word_1_80' title='bbox 680 676 751 701; x_wconf 88' lang='lat' dir='ltr'>ove</span> <span class='ocrx_word' id='word_1_81' title='bbox 773 677 902 702; x_wconf 84' lang='lat' dir='ltr'>mucus</span> <span class='ocrx_word' id='word_1_82' title='bbox 929 664 1142 708; x_wconf 80' lang='lat' dir='ltr'>videbatur,</span> <span class='ocrx_word' id='word_1_83' title='bbox 1176 664 1276 714; x_wconf 88' lang='lat' dir='ltr'>quod</span> <span class='ocrx_word' id='word_1_84' title='bbox 1306 666 1342 702; x_wconf 87' lang='lat' dir='ltr'>in</span> <span class='ocrx_word' id='word_1_85' title='bbox 1364 666 1477 714; x_wconf 85' lang='lat' dir='ltr'>priori</span> <span class='ocrx_word' id='word_1_86' title='bbox 1502 677 1571 702; x_wconf 83' lang='lat' dir='ltr'>ove</span> <span class='ocrx_word' id='word_1_87' title='bbox 1587 671 1663 702; x_wconf 88' lang='lat' dir='ltr'>rete</span> 
     </span>
     <span class='ocr_line' id='line_1_10' title="bbox 112 720 1664 771; baseline -0.001 -11"><span class='ocrx_word' id='word_1_88' title='bbox 112 729 197 764; x_wconf 83' lang='lat' dir='ltr'>erat,</span> <span class='ocrx_word' id='word_1_89' title='bbox 211 727 426 771; x_wconf 83' lang='lat' dir='ltr'>poteratque</span> <span class='ocrx_word' id='word_1_90' title='bbox 441 720 618 757; x_wconf 86' lang='lat' dir='ltr'>trahendo</span> <span class='ocrx_word' id='word_1_91' title='bbox 630 722 667 757; x_wconf 90' lang='lat' dir='ltr'>in</span> <span class='ocrx_word' id='word_1_92' title='bbox 686 720 741 757; x_wconf 80' lang='lat' dir='ltr'>fila</span> <span class='ocrx_word' id='word_1_93' title='bbox 764 721 878 758; x_wconf 81' lang='lat' dir='ltr'>educi.</span> <span class='ocrx_word' id='word_1_94' title='bbox 914 720 1055 759; x_wconf 86' lang='lat' dir='ltr'>Eodem</span> <span class='ocrx_word' id='word_1_95' title='bbox 1071 723 1180 758; x_wconf 79' lang='lat' dir='ltr'>etiarn</span> <span class='ocrx_word' id='word_1_96' title='bbox 1191 721 1250 758; x_wconf 82' lang='lat' dir='ltr'>die</span> <span class='ocrx_word' id='word_1_97' title='bbox 1262 722 1476 758; x_wconf 68' lang='lat' dir='ltr'>Amomus</span> <span class='ocrx_word' id='word_1_98' title='bbox 1491 734 1525 758; x_wconf 71' lang='lat' dir='ltr'>v.</span> <span class='ocrx_word' id='word_1_99' title='bbox 1537 720 1664 758; x_wconf 55' lang='lat' dir='ltr'>Lem-</span> 
     </span>
     <span class='ocr_line' id='line_1_11' title="bbox 114 776 1662 827; baseline -0.001 -11"><span class='ocrx_word' id='word_1_100' title='bbox 114 788 345 816; x_wconf 64' lang='lat' dir='ltr'>WENHOECK</span> <span class='ocrx_word' id='word_1_101' title='bbox 374 776 532 813; x_wconf 84' lang='lat' dir='ltr'><strong>informe</strong></span> <span class='ocrx_word' id='word_1_102' title='bbox 555 789 689 825; x_wconf 85' lang='lat' dir='ltr'>corpus</span> <span class='ocrx_word' id='word_1_103' title='bbox 715 778 753 814; x_wconf 93' lang='lat' dir='ltr'>in</span> <span class='ocrx_word' id='word_1_104' title='bbox 780 789 850 815; x_wconf 89' lang='lat' dir='ltr'>ove</span> <span class='ocrx_word' id='word_1_105' title='bbox 877 776 1085 825; x_wconf 82' lang='lat' dir='ltr'>reperite),</span> <span class='ocrx_word' id='word_1_106' title='bbox 1113 779 1250 827; x_wconf 80' lang='lat' dir='ltr'>inquo</span> <span class='ocrx_word' id='word_1_107' title='bbox 1271 785 1393 815; x_wconf 83' lang='lat' dir='ltr'>tamen</span> <span class='ocrx_word' id='word_1_108' title='bbox 1415 777 1662 826; x_wconf 83' lang='lat' dir='ltr'>microscopio</span> 
     </span>
     <span class='ocr_line' id='line_1_12' title="bbox 110 833 1057 883; baseline -0.002 -11"><span class='ocrx_word' id='word_1_109' title='bbox 110 835 254 883; x_wconf 87' lang='lat' dir='ltr'>adjutus</span> <span class='ocrx_word' id='word_1_110' title='bbox 277 844 371 882; x_wconf 88' lang='lat' dir='ltr'>pene</span> <span class='ocrx_word' id='word_1_111' title='bbox 392 844 522 870; x_wconf 85' lang='lat' dir='ltr'>omnes</span> <span class='ocrx_word' id='word_1_112' title='bbox 547 834 713 882; x_wconf 88' lang='lat' dir='ltr'>corporis</span> <span class='ocrx_word' id='word_1_113' title='bbox 742 840 860 882; x_wconf 84' lang='lat' dir='ltr'>partes</span> <span class='ocrx_word' id='word_1_114' title='bbox 885 833 1057 880; x_wconf 80' lang='lat' dir='ltr'>distinxit.</span> 
     </span>
    </p>
   </div>
   <div class='ocr_carea' id='block_1_4' title="bbox 112 911 1668 1402">
    <p class='ocr_par' dir='ltr' id='par_1_4' title="bbox 112 911 1668 1402">
     <span class='ocr_line' id='line_1_13' title="bbox 223 911 1664 964; baseline -0.001 -11"><span class='ocrx_word' id='word_1_115' title='bbox 223 913 298 953; x_wconf 83' lang='lat' dir='ltr'>Die</span> <span class='ocrx_word' id='word_1_116' title='bbox 328 927 384 959; x_wconf 85' lang='lat'>19·</span> <span class='ocrx_word' id='word_1_117' title='bbox 394 911 441 963; x_wconf 87' lang='lat' dir='ltr'>f)</span> <span class='ocrx_word' id='word_1_118' title='bbox 465 913 534 952; x_wconf 81' lang='lat' dir='ltr'>tela</span> <span class='ocrx_word' id='word_1_119' title='bbox 548 926 649 952; x_wconf 87' lang='lat' dir='ltr'>nunc</span> <span class='ocrx_word' id='word_1_120' title='bbox 673 914 823 952; x_wconf 83' lang='lat' dir='ltr'>solidior</span> <span class='ocrx_word' id='word_1_121' title='bbox 842 920 936 956; x_wconf 80' lang='lat' dir='ltr'>erat,</span> <span class='ocrx_word' id='word_1_122' title='bbox 968 913 1209 964; x_wconf 87' lang='lat' dir='ltr'>adparuitque</span> <span class='ocrx_word' id='word_1_123' title='bbox 1229 913 1450 957; x_wconf 61' lang='lat' dir='ltr'>rotundam</span> <span class='ocrx_word' id='word_1_124' title='bbox 1481 926 1605 964; x_wconf 74' lang='lat' dir='ltr'>neque</span> <span class='ocrx_word' id='word_1_125' title='bbox 1622 927 1664 952; x_wconf 93' lang='lat' dir='ltr'>o-</span> 
     </span>
     <span class='ocr_line' id='line_1_14' title="bbox 112 969 1664 1020; baseline -0.002 -10"><span class='ocrx_word' id='word_1_126' title='bbox 112 979 254 1014; x_wconf 69' lang='lat' dir='ltr'>vatam‚</span> <span class='ocrx_word' id='word_1_127' title='bbox 286 971 440 1010; x_wconf 80' lang='lat' dir='ltr'>folliculi</span> <span class='ocrx_word' id='word_1_128' title='bbox 460 970 615 1019; x_wconf 88' lang='lat' dir='ltr'>figuram</span> <span class='ocrx_word' id='word_1_129' title='bbox 641 969 718 1008; x_wconf 83' lang='lat' dir='ltr'>effe.</span> <span class='ocrx_word' id='word_1_130' title='bbox 777 969 1005 1017; x_wconf 81' lang='lat' dir='ltr'>Allantoidea</span> <span class='ocrx_word' id='word_1_131' title='bbox 1032 971 1243 1008; x_wconf 86' lang='lat' dir='ltr'>membrana</span> <span class='ocrx_word' id='word_1_132' title='bbox 1273 972 1458 1020; x_wconf 85' lang='lat' dir='ltr'>utrimque</span> <span class='ocrx_word' id='word_1_133' title='bbox 1488 970 1664 1020; x_wconf 48' lang='lat' dir='ltr'>producia</span> 
     </span>
     <span class='ocr_line' id='line_1_15' title="bbox 113 1025 1665 1076; baseline -0.001 -11"><span class='ocrx_word' id='word_1_134' title='bbox 113 1036 187 1065; x_wconf 81' lang='lat' dir='ltr'>erat</span> <span class='ocrx_word' id='word_1_135' title='bbox 202 1055 211 1070; x_wconf 93' lang='lat'><strong>,</strong></span> <span class='ocrx_word' id='word_1_136' title='bbox 243 1027 349 1076; x_wconf 82' lang='lat' dir='ltr'>plena</span> <span class='ocrx_word' id='word_1_137' title='bbox 370 1027 525 1076; x_wconf 86' lang='lat' dir='ltr'>gelatina</span> <span class='ocrx_word' id='word_1_138' title='bbox 541 1026 587 1074; x_wconf 78' lang='lat' dir='ltr'>g)</span> <span class='ocrx_word' id='word_1_139' title='bbox 602 1055 610 1068; x_wconf 80' lang='grc'><em>,</em></span> <span class='ocrx_word' id='word_1_140' title='bbox 644 1028 681 1063; x_wconf 86' lang='lat'>&amp;</span> <span class='ocrx_word' id='word_1_141' title='bbox 703 1029 743 1064; x_wconf 88' lang='lat' dir='ltr'>in</span> <span class='ocrx_word' id='word_1_142' title='bbox 770 1026 894 1065; x_wconf 87' lang='lat' dir='ltr'>medio</span> <span class='ocrx_word' id='word_1_143' title='bbox 919 1038 1038 1064; x_wconf 84' lang='lat' dir='ltr'>cornu</span> <span class='ocrx_word' id='word_1_144' title='bbox 1068 1028 1162 1065; x_wconf 85' lang='lat' dir='ltr'>uteri</span> <span class='ocrx_word' id='word_1_145' title='bbox 1192 1025 1501 1076; x_wconf 87' lang='lat' dir='ltr'>conceptaculum</span> <span class='ocrx_word' id='word_1_146' title='bbox 1525 1025 1665 1065; x_wconf 86' lang='lat' dir='ltr'>mucofi</span> 
     </span>
     <span class='ocr_line' id='line_1_16' title="bbox 114 1082 1666 1132; baseline 0 -12"><span class='ocrx_word' id='word_1_147' title='bbox 114 1084 152 1121; x_wconf 87' lang='lat'>&amp;</span> <span class='ocrx_word' id='word_1_148' title='bbox 167 1083 355 1121; x_wconf 87' lang='lat' dir='ltr'>dilabentis</span> <span class='ocrx_word' id='word_1_149' title='bbox 374 1083 468 1120; x_wconf 82' lang='lat' dir='ltr'>fetus</span> <span class='ocrx_word' id='word_1_150' title='bbox 488 1082 639 1120; x_wconf 78' lang='lat' dir='ltr'>sedebat.</span> <span class='ocrx_word' id='word_1_151' title='bbox 673 1083 1065 1119; x_wconf 73' lang='lat' dir='ltr'>Membranae-demum</span> <span class='ocrx_word' id='word_1_152' title='bbox 1082 1083 1218 1131; x_wconf 88' lang='lat' dir='ltr'>species</span> <span class='ocrx_word' id='word_1_153' title='bbox 1237 1085 1276 1119; x_wconf 92' lang='lat' dir='ltr'>in</span> <span class='ocrx_word' id='word_1_154' title='bbox 1303 1095 1395 1132; x_wconf 89' lang='lat' dir='ltr'>aqua</span> <span class='ocrx_word' id='word_1_155' title='bbox 1418 1090 1501 1121; x_wconf 87' lang='lat' dir='ltr'>nata</span> <span class='ocrx_word' id='word_1_156' title='bbox 1525 1083 1594 1126; x_wconf 89' lang='lat' dir='ltr'>est,</span> <span class='ocrx_word' id='word_1_157' title='bbox 1628 1084 1666 1120; x_wconf 87' lang='lat' dir='ltr'>in</span> 
     </span>
     <span class='ocr_line' id='line_1_17' title="bbox 112 1137 1663 1187; baseline -0.001 -10"><span class='ocrx_word' id='word_1_158' title='bbox 112 1147 219 1179; x_wconf 78' lang='lat' dir='ltr'>utero</span> <span class='ocrx_word' id='word_1_159' title='bbox 241 1141 343 1176; x_wconf 83' lang='lat' dir='ltr'>enim</span> <span class='ocrx_word' id='word_1_160' title='bbox 368 1140 466 1186; x_wconf 78' lang='lat' dir='ltr'>puris</span> <span class='ocrx_word' id='word_1_161' title='bbox 492 1138 679 1177; x_wconf 80' lang='lat' dir='ltr'>videbatur</span> <span class='ocrx_word' id='word_1_162' title='bbox 701 1138 832 1175; x_wconf 71' lang='lat' dir='ltr'>similis.</span> <span class='ocrx_word' id='word_1_163' title='bbox 893 1137 1009 1175; x_wconf 74' lang='lat' dir='ltr'>Etiam</span> <span class='ocrx_word' id='word_1_164' title='bbox 1038 1141 1180 1177; x_wconf 80' lang='lat' dir='ltr'>amnios</span> <span class='ocrx_word' id='word_1_165' title='bbox 1209 1151 1310 1176; x_wconf 84' lang='lat' dir='ltr'>nunc</span> <span class='ocrx_word' id='word_1_166' title='bbox 1334 1139 1446 1186; x_wconf 84' lang='lat' dir='ltr'>longa</span> <span class='ocrx_word' id='word_1_167' title='bbox 1461 1167 1470 1181; x_wconf 88' lang='lat'>‚</span> <span class='ocrx_word' id='word_1_168' title='bbox 1500 1139 1663 1187; x_wconf 84' lang='lat' dir='ltr'>gracilis,</span> 
     </span>
     <span class='ocr_line' id='line_1_18' title="bbox 113 1191 1667 1242; baseline -0.001 -9"><span class='ocrx_word' id='word_1_169' title='bbox 113 1207 200 1233; x_wconf 84' lang='lat' dir='ltr'>cum</span> <span class='ocrx_word' id='word_1_170' title='bbox 224 1195 299 1232; x_wconf 73' lang='lat' dir='ltr'>fetu</span> <span class='ocrx_word' id='word_1_171' title='bbox 336 1193 537 1242; x_wconf 82' lang='lat' dir='ltr'>adparebat.</span> <span class='ocrx_word' id='word_1_172' title='bbox 616 1193 830 1231; x_wconf 86' lang='lat' dir='ltr'>Vermiculo</span> <span class='ocrx_word' id='word_1_173' title='bbox 864 1191 986 1231; x_wconf 84' lang='lat' dir='ltr'>fimilis</span> <span class='ocrx_word' id='word_1_174' title='bbox 1016 1194 1081 1230; x_wconf 87' lang='lat' dir='ltr'>iste</span> <span class='ocrx_word' id='word_1_175' title='bbox 1103 1221 1114 1235; x_wconf 89' lang='lat'>‚</span> <span class='ocrx_word' id='word_1_176' title='bbox 1166 1193 1236 1232; x_wconf 89' lang='lat' dir='ltr'>five</span> <span class='ocrx_word' id='word_1_177' title='bbox 1275 1194 1419 1231; x_wconf 69' lang='lat' dir='ltr'>limatus</span> <span class='ocrx_word' id='word_1_178' title='bbox 1458 1201 1562 1236; x_wconf 87' lang='lat' dir='ltr'>erat,</span> <span class='ocrx_word' id='word_1_179' title='bbox 1609 1206 1667 1232; x_wconf 88' lang='lat' dir='ltr'>ca-</span> 
     </span>
     <span class='ocr_line' id='line_1_19' title="bbox 113 1248 1668 1301; baseline -0.001 -13"><span class='ocrx_word' id='word_1_180' title='bbox 113 1252 190 1301; x_wconf 84' lang='lat' dir='ltr'>pite</span> <span class='ocrx_word' id='word_1_181' title='bbox 213 1262 306 1300; x_wconf 88' lang='lat' dir='ltr'>pene</span> <span class='ocrx_word' id='word_1_182' title='bbox 324 1248 458 1293; x_wconf 79' lang='lat' dir='ltr'>bifido,</span> <span class='ocrx_word' id='word_1_183' title='bbox 491 1249 535 1287; x_wconf 84' lang='lat' dir='ltr'>ad</span> <span class='ocrx_word' id='word_1_184' title='bbox 560 1249 713 1287; x_wconf 83' lang='lat' dir='ltr'>caudam</span> <span class='ocrx_word' id='word_1_185' title='bbox 732 1249 930 1291; x_wconf 58' lang='lat' dir='ltr'>contracto,</span> <span class='ocrx_word' id='word_1_186' title='bbox 946 1260 1031 1287; x_wconf 88' lang='lat' dir='ltr'>cum</span> <span class='ocrx_word' id='word_1_187' title='bbox 1049 1248 1114 1286; x_wconf 90' lang='lat' dir='ltr'>suo</span> <span class='ocrx_word' id='word_1_188' title='bbox 1134 1248 1311 1287; x_wconf 81' lang='lat' dir='ltr'>funiculo..</span> <span class='ocrx_word' id='word_1_189' title='bbox 1366 1249 1440 1287; x_wconf 89' lang='lat' dir='ltr'>Sub</span> <span class='ocrx_word' id='word_1_190' title='bbox 1465 1252 1581 1300; x_wconf 86' lang='lat' dir='ltr'>capite</span> <span class='ocrx_word' id='word_1_191' title='bbox 1604 1253 1668 1288; x_wconf 82' lang='lat' dir='ltr'>tri-</span> 
     </span>
     <span class='ocr_line' id='line_1_20' title="bbox 114 1305 1668 1356; baseline 0 -12"><span class='ocrx_word' id='word_1_192' title='bbox 114 1308 181 1344; x_wconf 84' lang='lat' dir='ltr'>bus</span> <span class='ocrx_word' id='word_1_193' title='bbox 205 1307 320 1344; x_wconf 87' lang='lat' dir='ltr'>rubris</span> <span class='ocrx_word' id='word_1_194' title='bbox 336 1305 486 1344; x_wconf 86' lang='lat' dir='ltr'>maculis</span> <span class='ocrx_word' id='word_1_195' title='bbox 517 1305 824 1355; x_wconf 77' lang='lat' dir='ltr'>distinguebatur,</span> <span class='ocrx_word' id='word_1_196' title='bbox 851 1305 935 1343; x_wconf 87' lang='lat' dir='ltr'>albo</span> <span class='ocrx_word' id='word_1_197' title='bbox 959 1313 1132 1343; x_wconf 74' lang='lat' dir='ltr'>caeterum</span> <span class='ocrx_word' id='word_1_198' title='bbox 1151 1305 1302 1355; x_wconf 81' lang='lat' dir='ltr'>hepate,</span> <span class='ocrx_word' id='word_1_199' title='bbox 1337 1307 1373 1343; x_wconf 73' lang='grc' dir='ltr'>δε</span> <span class='ocrx_word' id='word_1_200' title='bbox 1388 1318 1548 1356; x_wconf 84' lang='lat' dir='ltr'>corpore</span> <span class='ocrx_word' id='word_1_201' title='bbox 1570 1307 1668 1356; x_wconf 82' lang='lat' dir='ltr'>quafi</span> 
     </span>
     <span class='ocr_line' id='line_1_21' title="bbox 113 1362 278 1402; baseline -0.006 -1"><span class='ocrx_word' id='word_1_202' title='bbox 113 1362 278 1402; x_wconf 86' lang='lat' dir='ltr'>caudato.</span> 
     </span>
    </p>
   </div>
   <div class='ocr_carea' id='block_1_5' title="bbox 113 1441 1670 1721">
    <p class='ocr_par' dir='ltr' id='par_1_5' title="bbox 113 1441 1670 1721">
     <span class='ocr_line' id='line_1_22' title="bbox 227 1441 1670 1491; baseline 0 -9"><span class='ocrx_word' id='word_1_203' title='bbox 227 1443 301 1482; x_wconf 87' lang='lat' dir='ltr'>Die</span> <span class='ocrx_word' id='word_1_204' title='bbox 326 1453 389 1482; x_wconf 71' lang='lat'>21.</span> <span class='ocrx_word' id='word_1_205' title='bbox 421 1443 606 1482; x_wconf 75' lang='lat' dir='ltr'>folliculus</span> <span class='ocrx_word' id='word_1_206' title='bbox 631 1442 740 1481; x_wconf 86' lang='lat' dir='ltr'>fiebat</span> <span class='ocrx_word' id='word_1_207' title='bbox 764 1453 811 1480; x_wconf 85' lang='lat' dir='ltr'>ex</span> <span class='ocrx_word' id='word_1_208' title='bbox 843 1441 1028 1491; x_wconf 85' lang='lat' dir='ltr'>praelonga</span> <span class='ocrx_word' id='word_1_209' title='bbox 1056 1442 1267 1480; x_wconf 86' lang='lat' dir='ltr'>membrana</span> <span class='ocrx_word' id='word_1_210' title='bbox 1295 1442 1533 1486; x_wconf 68' lang='lat' dir='ltr'>aumtoidea,</span> <span class='ocrx_word' id='word_1_211' title='bbox 1565 1445 1599 1481; x_wconf 62' lang='grc' dir='ltr'>ὃς</span> <span class='ocrx_word' id='word_1_212' title='bbox 1623 1457 1670 1482; x_wconf 83' lang='lat' dir='ltr'>ex</span> 
     </span>
     <span class='ocr_line' id='line_1_23' title="bbox 113 1498 1670 1551; baseline 0 -13"><span class='ocrx_word' id='word_1_213' title='bbox 113 1501 238 1538; x_wconf 84' lang='lat' dir='ltr'>amnio</span> <span class='ocrx_word' id='word_1_214' title='bbox 258 1499 403 1543; x_wconf 76' lang='lat' dir='ltr'>unciali,</span> <span class='ocrx_word' id='word_1_215' title='bbox 418 1499 626 1549; x_wconf 84' lang='lat' dir='ltr'>crystallina.</span> <span class='ocrx_word' id='word_1_216' title='bbox 685 1498 794 1537; x_wconf 86' lang='lat' dir='ltr'>Fetus</span> <span class='ocrx_word' id='word_1_217' title='bbox 810 1510 944 1536; x_wconf 85' lang='lat' dir='ltr'>curvus</span> <span class='ocrx_word' id='word_1_218' title='bbox 959 1527 969 1542; x_wconf 89' lang='lat'><strong>,</strong></span> <span class='ocrx_word' id='word_1_219' title='bbox 1001 1499 1193 1548; x_wconf 85' lang='lat' dir='ltr'>praelongo</span> <span class='ocrx_word' id='word_1_220' title='bbox 1211 1500 1328 1548; x_wconf 83' lang='lat' dir='ltr'>capite</span> <span class='ocrx_word' id='word_1_221' title='bbox 1348 1528 1357 1542; x_wconf 89' lang='lat'><em>‚</em></span> <span class='ocrx_word' id='word_1_222' title='bbox 1390 1512 1454 1538; x_wconf 83' lang='lat' dir='ltr'>ore</span> <span class='ocrx_word' id='word_1_223' title='bbox 1476 1508 1550 1538; x_wconf 87' lang='lat' dir='ltr'>erat</span> <span class='ocrx_word' id='word_1_224' title='bbox 1567 1513 1670 1551; x_wconf 83' lang='lat' dir='ltr'>aper-</span> 
     </span>
     <span class='ocr_line' id='line_1_24' title="bbox 113 1554 1670 1605; baseline 0 -10"><span class='ocrx_word' id='word_1_225' title='bbox 113 1564 156 1595; x_wconf 84' lang='lat' dir='ltr'>to</span> <span class='ocrx_word' id='word_1_226' title='bbox 175 1586 185 1600; x_wconf 93' lang='lat'>‚</span> <span class='ocrx_word' id='word_1_227' title='bbox 216 1556 358 1594; x_wconf 82' lang='lat' dir='ltr'>lineolis</span> <span class='ocrx_word' id='word_1_228' title='bbox 386 1557 424 1593; x_wconf 84' lang='lat' dir='ltr'>in</span> <span class='ocrx_word' id='word_1_229' title='bbox 445 1556 595 1594; x_wconf 82' lang='lat' dir='ltr'>thorace</span> <span class='ocrx_word' id='word_1_230' title='bbox 622 1554 848 1598; x_wconf 71' lang='lat' dir='ltr'>transversis,</span> <span class='ocrx_word' id='word_1_231' title='bbox 880 1554 1073 1593; x_wconf 85' lang='lat' dir='ltr'>visceribus</span> <span class='ocrx_word' id='word_1_232' title='bbox 1095 1554 1242 1598; x_wconf 84' lang='lat' dir='ltr'>claufis‚</span> <span class='ocrx_word' id='word_1_233' title='bbox 1274 1556 1470 1605; x_wconf 67' lang='lat' dir='ltr'>testisque,</span> <span class='ocrx_word' id='word_1_234' title='bbox 1503 1557 1670 1595; x_wconf 63' lang='lat' dir='ltr'>funiculo</span> 
     </span>
     <span class='ocr_line' id='line_1_25' title="bbox 114 1611 1670 1663; baseline 0.001 -13"><span class='ocrx_word' id='word_1_235' title='bbox 114 1613 285 1663; x_wconf 72' lang='lat' dir='ltr'>praelato,</span> <span class='ocrx_word' id='word_1_236' title='bbox 317 1624 403 1651; x_wconf 89' lang='lat' dir='ltr'>cum</span> <span class='ocrx_word' id='word_1_237' title='bbox 429 1620 575 1650; x_wconf 82' lang='lat' dir='ltr'>artuum</span> <span class='ocrx_word' id='word_1_238' title='bbox 600 1613 722 1650; x_wconf 78' lang='lat' dir='ltr'>initiis.</span> <span class='ocrx_word' id='word_1_239' title='bbox 768 1611 846 1649; x_wconf 84' lang='lat' dir='ltr'>Cor</span> <span class='ocrx_word' id='word_1_240' title='bbox 874 1611 1090 1659; x_wconf 83' lang='lat' dir='ltr'>triangulare</span> <span class='ocrx_word' id='word_1_241' title='bbox 1109 1639 1120 1654; x_wconf 89' lang='lat'>‚</span> <span class='ocrx_word' id='word_1_242' title='bbox 1151 1612 1305 1649; x_wconf 83' lang='lat' dir='ltr'>rubrum</span> <span class='ocrx_word' id='word_1_243' title='bbox 1320 1640 1330 1654; x_wconf 89' lang='lat'>‚</span> <span class='ocrx_word' id='word_1_244' title='bbox 1365 1613 1403 1649; x_wconf 86' lang='lat'>&amp;</span> <span class='ocrx_word' id='word_1_245' title='bbox 1434 1612 1546 1662; x_wconf 75' lang='lat' dir='ltr'>hepar</span> <span class='ocrx_word' id='word_1_246' title='bbox 1581 1625 1670 1651; x_wconf 89' lang='lat' dir='ltr'>con-</span> 
     </span>
     <span class='ocr_line' id='line_1_26' title="bbox 114 1668 584 1721; baseline -0.002 -15"><span class='ocrx_word' id='word_1_247' title='bbox 114 1668 256 1721; x_wconf 74' lang='lat' dir='ltr'>spicua,</span> <span class='ocrx_word' id='word_1_248' title='bbox 283 1668 384 1707; x_wconf 90' lang='lat' dir='ltr'>oculi</span> <span class='ocrx_word' id='word_1_249' title='bbox 406 1668 584 1707; x_wconf 88' lang='lat' dir='ltr'>nondum.</span> 
     </span>
    </p>
   </div>
   <div class='ocr_carea' id='block_1_6' title="bbox 115 1747 1670 1854">
    <p class='ocr_par' dir='ltr' id='par_1_6' title="bbox 115 1747 1670 1854">
     <span class='ocr_line' id='line_1_27' title="bbox 225 1747 1670 1798; baseline -0.001 -9"><span class='ocrx_word' id='word_1_250' title='bbox 225 1750 300 1789; x_wconf 88' lang='lat' dir='ltr'>Die</span> <span class='ocrx_word' id='word_1_251' title='bbox 327 1761 389 1787; x_wconf 84' lang='lat'>22.</span> <span class='ocrx_word' id='word_1_252' title='bbox 408 1749 447 1794; x_wconf 82' lang='lat' dir='ltr'>h)</span> <span class='ocrx_word' id='word_1_253' title='bbox 471 1751 598 1788; x_wconf 86' lang='lat' dir='ltr'>onmia</span> <span class='ocrx_word' id='word_1_254' title='bbox 631 1755 732 1786; x_wconf 83' lang='lat' dir='ltr'>erant</span> <span class='ocrx_word' id='word_1_255' title='bbox 756 1748 870 1796; x_wconf 84' lang='lat' dir='ltr'>magis</span> <span class='ocrx_word' id='word_1_256' title='bbox 901 1747 1056 1785; x_wconf 83' lang='lat' dir='ltr'>formata</span> <span class='ocrx_word' id='word_1_257' title='bbox 1071 1760 1084 1794; x_wconf 84' lang='lat'>3</span> <span class='ocrx_word' id='word_1_258' title='bbox 1114 1755 1224 1797; x_wconf 87' lang='lat' dir='ltr'>caput</span> <span class='ocrx_word' id='word_1_259' title='bbox 1248 1749 1408 1797; x_wconf 83' lang='lat' dir='ltr'>grande,</span> <span class='ocrx_word' id='word_1_260' title='bbox 1441 1761 1576 1798; x_wconf 86' lang='lat' dir='ltr'>corpus</span> <span class='ocrx_word' id='word_1_261' title='bbox 1605 1751 1670 1787; x_wconf 75' lang='lat' dir='ltr'>ob·-</span> 
     </span>
     <span class='ocr_line' id='line_1_28' title="bbox 115 1804 1591 1854; baseline 0 -11"><span class='ocrx_word' id='word_1_262' title='bbox 115 1805 235 1844; x_wconf 82' lang='lat' dir='ltr'>tusum</span> <span class='ocrx_word' id='word_1_263' title='bbox 253 1835 262 1849; x_wconf 91' lang='lat'>‚</span> <span class='ocrx_word' id='word_1_264' title='bbox 293 1807 437 1844; x_wconf 86' lang='lat' dir='ltr'>brevius</span> <span class='ocrx_word' id='word_1_265' title='bbox 457 1834 466 1849; x_wconf 82' lang='lat'>‚</span> <span class='ocrx_word' id='word_1_266' title='bbox 498 1805 691 1844; x_wconf 70' lang='lat' dir='ltr'>mucolhm</span> <span class='ocrx_word' id='word_1_267' title='bbox 706 1833 716 1848; x_wconf 94' lang='lat'>‚</span> <span class='ocrx_word' id='word_1_268' title='bbox 749 1804 964 1842; x_wconf 82' lang='lat' dir='ltr'>allantoidea</span> <span class='ocrx_word' id='word_1_269' title='bbox 985 1804 1197 1842; x_wconf 82' lang='lat' dir='ltr'>membrana</span> <span class='ocrx_word' id='word_1_270' title='bbox 1217 1806 1290 1853; x_wconf 88' lang='lat' dir='ltr'>jam</span> <span class='ocrx_word' id='word_1_271' title='bbox 1320 1812 1379 1848; x_wconf 80' lang='lat'>18.</span> <span class='ocrx_word' id='word_1_272' title='bbox 1401 1806 1591 1854; x_wconf 85' lang='lat' dir='ltr'>pollicum.</span> 
     </span>
    </p>
   </div>
   <div class='ocr_carea' id='block_1_7' title="bbox 115 1884 1674 2105">
    <p class='ocr_par' dir='ltr' id='par_1_7' title="bbox 115 1884 1674 2093">
     <span class='ocr_line' id='line_1_29' title="bbox 226 1884 1673 1936; baseline 0.001 -12"><span class='ocrx_word' id='word_1_273' title='bbox 226 1886 269 1925; x_wconf 86' lang='lat' dir='ltr'>In</span> <span class='ocrx_word' id='word_1_274' title='bbox 288 1887 359 1925; x_wconf 81' lang='lat' dir='ltr'>alio</span> <span class='ocrx_word' id='word_1_275' title='bbox 387 1887 462 1925; x_wconf 81' lang='lat' dir='ltr'>fere</span> <span class='ocrx_word' id='word_1_276' title='bbox 481 1887 639 1936; x_wconf 85' lang='lat' dir='ltr'>ejusdem</span> <span class='ocrx_word' id='word_1_277' title='bbox 658 1887 835 1936; x_wconf 79' lang='lat' dir='ltr'>temporis</span> <span class='ocrx_word' id='word_1_278' title='bbox 860 1898 937 1923; x_wconf 83' lang='lat' dir='ltr'>ovo</span> <span class='ocrx_word' id='word_1_279' title='bbox 958 1884 1041 1923; x_wconf 86' lang='lat' dir='ltr'>duae</span> <span class='ocrx_word' id='word_1_280' title='bbox 1067 1885 1263 1934; x_wconf 83' lang='lat' dir='ltr'>praelongae</span> <span class='ocrx_word' id='word_1_281' title='bbox 1288 1886 1410 1924; x_wconf 77' lang='lat' dir='ltr'>caudae</span> <span class='ocrx_word' id='word_1_282' title='bbox 1438 1887 1673 1935; x_wconf 73' lang='lat' dir='ltr'>gracilescen-</span> 
     </span>
     <span class='ocr_line' id='line_1_30' title="bbox 115 1941 1670 1993; baseline -0.001 -11"><span class='ocrx_word' id='word_1_283' title='bbox 115 1946 161 1982; x_wconf 83' lang='lat' dir='ltr'>tis</span> <span class='ocrx_word' id='word_1_284' title='bbox 183 1944 401 1981; x_wconf 61' lang='lat' dir='ltr'>membranae</span> <span class='ocrx_word' id='word_1_285' title='bbox 418 1943 642 1990; x_wconf 73' lang='lat' dir='ltr'>allantoideae</span> <span class='ocrx_word' id='word_1_286' title='bbox 666 1943 920 1993; x_wconf 80' lang='lat' dir='ltr'>adparuerunt.</span> <span class='ocrx_word' id='word_1_287' title='bbox 982 1941 1135 1979; x_wconf 82' lang='lat' dir='ltr'>Anmios</span> <span class='ocrx_word' id='word_1_288' title='bbox 1160 1942 1363 1991; x_wconf 83' lang='lat' dir='ltr'>crystallino</span> <span class='ocrx_word' id='word_1_289' title='bbox 1378 1942 1522 1993; x_wconf 85' lang='lat' dir='ltr'>liquore</span> <span class='ocrx_word' id='word_1_290' title='bbox 1548 1944 1670 1993; x_wconf 83' lang='lat' dir='ltr'>plena:</span> 
     </span>
     <span class='ocr_line' id='line_1_31' title="bbox 118 1996 1674 2093; baseline -0.001 -55"><span class='ocrx_word' id='word_1_291' title='bbox 118 2002 156 2038; x_wconf 86' lang='lat' dir='ltr'>in</span> <span class='ocrx_word' id='word_1_292' title='bbox 180 2012 220 2037; x_wconf 80' lang='lat' dir='ltr'>ea</span> <span class='ocrx_word' id='word_1_293' title='bbox 245 2000 337 2038; x_wconf 83' lang='lat' dir='ltr'>fetus</span> <span class='ocrx_word' id='word_1_294' title='bbox 357 2000 478 2037; x_wconf 89' lang='lat' dir='ltr'>mollis</span> <span class='ocrx_word' id='word_1_295' title='bbox 491 2029 504 2043; x_wconf 87' lang='lat'>‚</span> <span class='ocrx_word' id='word_1_296' title='bbox 535 2007 576 2039; x_wconf 89' lang='lat' dir='ltr'>ut</span> <span class='ocrx_word' id='word_1_297' title='bbox 604 2012 697 2049; x_wconf 84' lang='lat' dir='ltr'>aegre</span> <span class='ocrx_word' id='word_1_298' title='bbox 719 1999 851 2038; x_wconf 82' lang='lat' dir='ltr'>viscera</span> <span class='ocrx_word' id='word_1_299' title='bbox 872 1999 908 2036; x_wconf 87' lang='lat'>&amp;</span> <span class='ocrx_word' id='word_1_300' title='bbox 927 2010 991 2093; x_wconf 46' lang='lat' dir='ltr'>egr</span> <span class='ocrx_word' id='word_1_301' title='bbox 1012 1997 1257 2047; x_wconf 77' lang='lat' dir='ltr'>distingueres,</span> <span class='ocrx_word' id='word_1_302' title='bbox 1270 1998 1332 2037; x_wconf 80' lang='lat' dir='ltr'>aut</span> <span class='ocrx_word' id='word_1_303' title='bbox 1357 1999 1490 2048; x_wconf 77' lang='lat' dir='ltr'>hepar3</span> <span class='ocrx_word' id='word_1_304' title='bbox 1507 1996 1581 2037; x_wconf 68' lang='lat' dir='ltr'>&#39;sed</span> <span class='ocrx_word' id='word_1_305' title='bbox 1601 2001 1674 2037; x_wconf 85' lang='lat' dir='ltr'>uti-</span> 
     </span>
    </p>

    <p class='ocr_par' dir='ltr' id='par_1_8' title="bbox 1010 2065 1670 2105">
     <span class='ocr_line' id='line_1_32' title="bbox 1010 2065 1670 2105; baseline 0.003 -14"><span class='ocrx_word' id='word_1_306' title='bbox 1010 2065 1032 2091; x_wconf 94' lang='lat'><strong>2</strong></span> <span class='ocrx_word' id='word_1_307' title='bbox 1596 2068 1670 2105; x_wconf 84' lang='lat' dir='ltr'>que</span> 
     </span>
    </p>
   </div>
   <div class='ocr_carea' id='block_1_8' title="bbox 155 2134 1591 2457">
    <p class='ocr_par' dir='ltr' id='par_1_9' title="bbox 160 2134 710 2172">
     <span class='ocr_line' id='line_1_33' title="bbox 160 2134 710 2172; baseline 0 -8"><span class='ocrx_word' id='word_1_308' title='bbox 160 2136 192 2168; x_wconf 74' lang='lat' dir='ltr'>a)</span> <span class='ocrx_word' id='word_1_309' title='bbox 214 2134 413 2164; x_wconf 68' lang='lat' dir='ltr'><strong>KUHLEMAN.</strong></span> <span class='ocrx_word' id='word_1_310' title='bbox 430 2134 487 2165; x_wconf 73' lang='lat' dir='ltr'>obs.</span> <span class='ocrx_word' id='word_1_311' title='bbox 505 2143 607 2172; x_wconf 78' lang='lat'><strong>19.20.</strong></span> <span class='ocrx_word' id='word_1_312' title='bbox 621 2143 650 2171; x_wconf 79' lang='lat' dir='ltr'>p.</span> <span class='ocrx_word' id='word_1_313' title='bbox 664 2137 710 2165; x_wconf 83' lang='lat'>26.</span> 
     </span>
    </p>

    <p class='ocr_par' dir='ltr' id='par_1_10' title="bbox 159 2174 661 2213">
     <span class='ocr_line' id='line_1_34' title="bbox 159 2174 661 2213; baseline -0.002 -8"><span class='ocrx_word' id='word_1_314' title='bbox 159 2174 194 2212; x_wconf 69' lang='lat' dir='ltr'>b)</span> <span class='ocrx_word' id='word_1_315' title='bbox 217 2175 297 2205; x_wconf 67' lang='lat' dir='ltr'>Inui</span> <span class='ocrx_word' id='word_1_316' title='bbox 313 2174 367 2204; x_wconf 69' lang='lat' dir='ltr'>obs.</span> <span class='ocrx_word' id='word_1_317' title='bbox 382 2184 429 2204; x_wconf 81' lang='lat'>21.</span> <span class='ocrx_word' id='word_1_318' title='bbox 443 2185 490 2206; x_wconf 73' lang='lat'>22.</span> <span class='ocrx_word' id='word_1_319' title='bbox 506 2185 534 2213; x_wconf 88' lang='lat' dir='ltr'>p.</span> <span class='ocrx_word' id='word_1_320' title='bbox 551 2178 598 2205; x_wconf 85' lang='lat'>26.</span> <span class='ocrx_word' id='word_1_321' title='bbox 614 2183 661 2212; x_wconf 88' lang='lat'>27.</span> 
     </span>
    </p>

    <p class='ocr_par' dir='ltr' id='par_1_11' title="bbox 159 2215 656 2254">
     <span class='ocr_line' id='line_1_35' title="bbox 159 2215 656 2254; baseline 0 -9"><span class='ocrx_word' id='word_1_322' title='bbox 159 2217 189 2249; x_wconf 84' lang='lat' dir='ltr'>c)</span> <span class='ocrx_word' id='word_1_323' title='bbox 210 2215 411 2245; x_wconf 60' lang='lat' dir='ltr'><strong>KL’HLEMAN.</strong></span> <span class='ocrx_word' id='word_1_324' title='bbox 430 2215 487 2246; x_wconf 76' lang='lat' dir='ltr'>obs.</span> <span class='ocrx_word' id='word_1_325' title='bbox 505 2225 551 2253; x_wconf 81' lang='lat'>23.</span> <span class='ocrx_word' id='word_1_326' title='bbox 566 2224 595 2254; x_wconf 76' lang='lat' dir='ltr'>p.</span> <span class='ocrx_word' id='word_1_327' title='bbox 609 2223 656 2253; x_wconf 83' lang='lat'>27.</span> 
     </span>
    </p>

    <p class='ocr_par' dir='ltr' id='par_1_12' title="bbox 159 2254 534 2293">
     <span class='ocr_line' id='line_1_36' title="bbox 159 2254 534 2293; baseline 0.003 -8"><span class='ocrx_word' id='word_1_328' title='bbox 159 2257 193 2292; x_wconf 75' lang='lat' dir='ltr'>d)</span> <span class='ocrx_word' id='word_1_329' title='bbox 215 2255 295 2286; x_wconf 56' lang='lat' dir='ltr'>lnam</span> <span class='ocrx_word' id='word_1_330' title='bbox 311 2254 369 2285; x_wconf 84' lang='lat' dir='ltr'>obs.</span> <span class='ocrx_word' id='word_1_331' title='bbox 383 2265 428 2291; x_wconf 82' lang='lat'>24.</span> <span class='ocrx_word' id='word_1_332' title='bbox 443 2266 469 2293; x_wconf 83' lang='lat' dir='ltr'>p.</span> <span class='ocrx_word' id='word_1_333' title='bbox 487 2267 534 2293; x_wconf 75' lang='lat'>27.</span> 
     </span>
    </p>

    <p class='ocr_par' dir='ltr' id='par_1_13' title="bbox 158 2295 740 2334">
     <span class='ocr_line' id='line_1_37' title="bbox 158 2295 740 2334; baseline -0.002 -8"><span class='ocrx_word' id='word_1_334' title='bbox 158 2297 186 2330; x_wconf 75' lang='lat' dir='ltr'>e)</span> <span class='ocrx_word' id='word_1_335' title='bbox 210 2297 303 2326; x_wconf 62' lang='lat' dir='ltr'>Anat.</span> <span class='ocrx_word' id='word_1_336' title='bbox 320 2295 358 2332; x_wconf 59' lang='grc' dir='ltr'>’ἐξ</span> <span class='ocrx_word' id='word_1_337' title='bbox 373 2297 505 2328; x_wconf 80' lang='lat' dir='ltr'>Cont.II.</span> <span class='ocrx_word' id='word_1_338' title='bbox 534 2307 562 2334; x_wconf 87' lang='lat' dir='ltr'>p.</span> <span class='ocrx_word' id='word_1_339' title='bbox 587 2299 650 2331; x_wconf 79' lang='lat'>164.</span> <span class='ocrx_word' id='word_1_340' title='bbox 675 2298 740 2331; x_wconf 72' lang='lat'>165.</span> 
     </span>
    </p>

    <p class='ocr_par' dir='ltr' id='par_1_14' title="bbox 155 2335 1591 2414">
     <span class='ocr_line' id='line_1_38' title="bbox 155 2335 1591 2408; baseline 0.001 -44"><span class='ocrx_word' id='word_1_341' title='bbox 155 2336 193 2408; x_wconf 43' lang='lat' dir='ltr'>s?</span> <span class='ocrx_word' id='word_1_342' title='bbox 213 2336 319 2407; x_wconf 32' lang='lat' dir='ltr'>{xx-{unu</span> <span class='ocrx_word' id='word_1_343' title='bbox 335 2336 401 2407; x_wconf 40' lang='lat' dir='ltr'>{bg</span> <span class='ocrx_word' id='word_1_344' title='bbox 417 2336 438 2366; x_wconf 90' lang='lat'>1.</span> <span class='ocrx_word' id='word_1_345' title='bbox 461 2348 489 2376; x_wconf 87' lang='lat' dir='ltr'>p.</span> <span class='ocrx_word' id='word_1_346' title='bbox 509 2348 555 2375; x_wconf 67' lang='grc'>49.</span> <span class='ocrx_word' id='word_1_347' title='bbox 577 2343 598 2367; x_wconf 83' lang='lat' dir='ltr'>t.</span> <span class='ocrx_word' id='word_1_348' title='bbox 614 2346 642 2367; x_wconf 86' lang='lat'>2.</span> <span class='ocrx_word' id='word_1_349' title='bbox 661 2336 681 2367; x_wconf 85' lang='lat' dir='ltr'>f.</span> <span class='ocrx_word' id='word_1_350' title='bbox 702 2345 764 2369; x_wconf 86' lang='lat'>1.2.</span> <span class='ocrx_word' id='word_1_351' title='bbox 787 2335 858 2367; x_wconf 77' lang='lat' dir='ltr'>Haec</span> <span class='ocrx_word' id='word_1_352' title='bbox 870 2338 973 2369; x_wconf 84' lang='lat' dir='ltr'>eadem</span> <span class='ocrx_word' id='word_1_353' title='bbox 986 2337 1041 2369; x_wconf 84' lang='lat' dir='ltr'>suis</span> <span class='ocrx_word' id='word_1_354' title='bbox 1053 2337 1083 2369; x_wconf 87' lang='lat' dir='ltr'>in</span> <span class='ocrx_word' id='word_1_355' title='bbox 1098 2339 1188 2369; x_wconf 82' lang='lat' dir='ltr'>damis</span> <span class='ocrx_word' id='word_1_356' title='bbox 1204 2337 1374 2368; x_wconf 69' lang='lat' dir='ltr'><strong>anssnss</strong></span> <span class='ocrx_word' id='word_1_357' title='bbox 1392 2336 1463 2367; x_wconf 82' lang='lat' dir='ltr'>vidit</span> <span class='ocrx_word' id='word_1_358' title='bbox 1480 2345 1508 2374; x_wconf 89' lang='lat' dir='ltr'>p.</span> <span class='ocrx_word' id='word_1_359' title='bbox 1525 2345 1591 2374; x_wconf 77' lang='lat'>230.</span> 
     </span>
     <span class='ocr_line' id='line_1_39' title="bbox 157 2378 407 2414; baseline 0 -8"><span class='ocrx_word' id='word_1_360' title='bbox 157 2388 176 2414; x_wconf 81' lang='lat' dir='ltr'>g</span> <span class='ocrx_word' id='word_1_361' title='bbox 227 2382 317 2406; x_wconf 50' lang='lat' dir='ltr'>‘cun</span> <span class='ocrx_word' id='word_1_362' title='bbox 338 2378 345 2406; x_wconf 90' lang='lat' dir='ltr'>i</span> <span class='ocrx_word' id='word_1_363' title='bbox 369 2378 375 2406; x_wconf 85' lang='lat' dir='ltr'>i</span> <span class='ocrx_word' id='word_1_364' title='bbox 401 2400 407 2406; x_wconf 93' lang='lat'><em>.</em></span> 
     </span>
    </p>

    <p class='ocr_par' dir='ltr' id='par_1_15' title="bbox 155 2416 670 2457">
     <span class='ocr_line' id='line_1_40' title="bbox 155 2416 670 2457; baseline 0.006 -11"><span class='ocrx_word' id='word_1_365' title='bbox 155 2416 194 2454; x_wconf 66' lang='lat' dir='ltr'>h)</span> <span class='ocrx_word' id='word_1_366' title='bbox 214 2416 415 2449; x_wconf 69' lang='lat' dir='ltr'>KUHLi-MAN.</span> <span class='ocrx_word' id='word_1_367' title='bbox 434 2428 461 2456; x_wconf 86' lang='lat' dir='ltr'>p.</span> <span class='ocrx_word' id='word_1_368' title='bbox 476 2428 519 2455; x_wconf 83' lang='lat'>50.</span> <span class='ocrx_word' id='word_1_369' title='bbox 535 2426 555 2449; x_wconf 82' lang='lat' dir='ltr'>c.</span> <span class='ocrx_word' id='word_1_370' title='bbox 569 2427 594 2449; x_wconf 79' lang='lat'>2,</span> <span class='ocrx_word' id='word_1_371' title='bbox 611 2417 630 2448; x_wconf 89' lang='lat' dir='ltr'>f.</span> <span class='ocrx_word' id='word_1_372' title='bbox 645 2427 670 2457; x_wconf 79' lang='lat'>3.</span> 
     </span>
    </p>
   </div>
  </div>
 </body>
</html>
