1955 2732
313 107 396 142 290
792 90 889 130 LIB.
923 90 1071 138 XXIX.
1133 90 1161 130 F
1191 90 1220 130 E
1249 90 1282 129 T
1304 90 1348 129 »U
1378 91 1412 130 S.

315 205 476 253 axinque
501 202 639 240 arteriae
666 206 820 250 urgetur
834 227 844 243 ‚
879 200 916 238 δε
949 211 1018 249 qua
1042 199 1085 236 ad
1113 199 1417 249 perpendiculum
1440 200 1486 237 ab
1501 201 1560 238 axi
1580 201 1733 246 secedit,
1753 205 1884 243 nixum

317 258 565 309 sanguinis0in
588 269 709 295 ramos
734 257 779 294 de
803 258 1015 294 arteriarum
1039 256 1209 293 lateribus
1238 255 1464 306 prodeuntes
1492 255 1610 295 efficit.
1652 259 1705 297 Ex
1731 272 1775 298 eo
1796 262 1887 299 nixu

318 317 478 369 plurima
501 314 627 353 effecta
647 313 847 363 sequuntur
864 341 874 355 ‚
914 313 950 348 &
977 314 1140 361 primum
1164 312 1306 361 sanguis
1334 313 1377 349 ab
1407 312 1505 351 hisce
1531 315 1766 363 potestatibus
1796 329 1887 355 con-

320 372 452 423 junffls
478 371 655 420 impulsus
676 370 815 420 poterit
839 381 884 406 eo
904 376 1093 419 penetrare
1115 397 1127 412 ,
1162 381 1237 420 quo
1256 381 1342 407 cum
1369 369 1539 408 debiliori
1564 379 1670 411 motu
1697 385 1888 424 nunquam

322 426 483 469 veniffet.

440 506 498 545 Ita
518 508 626 545 rubra
646 500 745 546 nune
762 508 801 544 in
819 506 896 545 fetu
915 506 990 545 vasa
1011 507 1124 551 fiunt,
1149 519 1228 558 quae
1248 514 1348 546 erant
1365 507 1536 546 decolora
1550 537 1560 551 ,
1582 509 1618 545 δε
1636 521 1715 559 quae
1738 510 1795 547 vel
1810 510 1887 560 pel..

329 562 457 603 lucido
485 563 643 602 humore
672 563 966 613 perfluebantur,
1000 565 1056 602 vel
1081 566 1189 602 nimis
1220 566 1306 602 raris
1329 566 1430 602 rubri
1456 565 1635 613 sanguinis
1658 566 1818 614 globulis
1842 567 1887 605 ad

331 620 500 659 colorem
525 632 602 657 non
627 619 895 660 sufficientibus.
956 619 1061 659 Hanc
1086 623 1296 658 arteriarum
1317 620 1532 670 pallidarum
1553 623 1592 658 in
1614 623 1783 660 rubentes
1803 635 1887 661 rnu-

331 677 512 715 tationem
537 678 574 713 in
596 676 677 725 ipsis
703 678 841 715 truncis
865 677 939 715 vidi
955 705 966 721 ,
999 690 1065 728 per
1088 690 1182 728 quos
1203 677 1384 727 sanguinis
1408 684 1515 716 motu
1535 689 1598 727 per
1620 678 1888 717 derivationem

332 733 443 773 aueo
469 732 650 771 ferebatur
667 733 718 777 h).

447 814 502 852 Ita
525 814 619 853 fetus
634 843 644 857 ,
667 815 730 864 qui
753 822 853 853 totus
886 815 1027 853 albebat
1054 844 1064 858 ,
1097 815 1137 853 fit
1162 815 1321 866 denique
1343 816 1565 854 ruberrimus
1581 814 1621 859 i).
1682 815 1735 853 Ita
1755 816 1886 855 viscera

332 870 530 920 conspicua
552 870 756 908 redduntur
777 899 788 914 ,
821 883 900 920 quae
924 884 942 908 a
973 871 1221 921 pelluciditate
1253 872 1311 910 sua
1332 901 1342 915 ‚
1376 871 1473 922 quasi
1497 872 1622 915 velata,
1649 871 1805 910 latebant
1817 872 1855 917 le)
1872 900 1884 916 ,

335 927 466 977 pulmo
488 927 524 964 &
550 926 668 975 ipsum
684 927 805 977 hepar.

448 1007 505 1045 Ad
535 1007 675 1045 easdem
704 1008 821 1047 causas
843 1009 1002 1058 pertinet
1027 1008 1197 1058 expansio
1219 1010 1302 1046 retis
1325 1008 1501 1046 vasorum.
1560 1007 1760 1046 Meditatus
1778 1008 1888 1047 allan-

328 1063 467 1102 ,toideae
488 1065 707 1102 membranae
725 1093 735 1108 ,
769 1067 975 1113 (perperam
997 1065 1100 1115 ita-in
1117 1066 1243 1103 avibus
1265 1065 1381 1109 dietae)
1409 1065 1566 1103 subitum
1590 1067 1857 1103 incrementum
1872 1093 1884 1108 ,

335 1121 410 1158 vidi
427 1149 436 1164 ,
453 1127 535 1158 ante
558 1120 656 1158 diem
677 1122 826 1160 tertium
843 1121 890 1167 l),·
906 1133 986 1158 eam
1004 1123 1254 1159 membranam
1273 1121 1405 1171 absque
1425 1121 1614 1159 latitudine
1628 1121 1720 1165 fere,
1741 1121 1887 1159 funicu-

336 1177 361 1214 li
385 1177 527 1225 gracilis
550 1177 706 1226 speciem
727 1178 868 1215 habere.
931 1176 1054 1222 Quare
1074 1186 1224 1216 truncus
1244 1177 1455 1220 atter-iosus,
1479 1178 1515 1215 &
1540 1179 1615 1225 ejus
1636 1179 1727 1214 rami
1750 1177 1813 1215 fibi
1835 1179 1888 1214 vi-

337 1232 523 1276 cinfflimi,
558 1235 594 1270 δι
619 1247 713 1285 pene
736 1233 895 1284 paralleli
917 1232 985 1271 effe
1003 1235 1232 1278 debuerunt,
1266 1235 1303 1271 &
1327 1234 1451 1283 anguli
1479 1235 1573 1271 inter
1593 1246 1743 1272 truncos
1772 1234 1809 1271 ὃς
1833 1246 1888 1271 ra-

335 1301 416 1327 mos
443 1301 596 1327 mmimi.

447 1370 577 1409 Subito
591 1399 602 1415 ,
623 1378 666 1409 ut
684 1370 825 1420 sanguis
846 1374 884 1409 in
908 1384 948 1409 ea
969 1371 1047 1409 vasa
1069 1384 1168 1410 nunc
1185 1371 1353 1415 advenit,
1376 1372 1424 1409 ita
1440 1371 1617 1410 recedunt
1642 1383 1661 1408 a
1680 1378 1813 1409 trunco
1832 1382 1889 1408 ra-

336 1428 388 1465 mi
412 1429 570 1470 arteriae‚
604 1428 640 1464 &
665 1440 733 1476 pro
761 1428 887 1465 eadem
917 1429 1090 1476 portione
1109 1457 1120 1470 2
1153 1440 1222 1478 qua
1252 1435 1330 1465 tota
1358 1429 1567 1465 membrana
1591 1427 1757 1466 increscit
1775 1455 1785 1470 ,
1816 1438 1887 1476 pro

337 1497 377 1521 ea
401 1484 524 1532 anguli
547 1485 641 1521 inter
663 1491 813 1521 truncos
836 1485 1003 1521 vasorum
1023 1485 1059 1520 ἀ
1080 1497 1197 1522 ramos
1218 1483 1440 1527 increscunt,
1460 1484 1653 1522 nascuntur
1671 1485 1765 1520 inter
1782 1482 1889 1520 didu-

339 1541 413 1577 &os
442 1552 563 1577 ramos
593 1540 777 1577 intervalla
802 1541 881 1578 alba
895 1569 904 1583 ,
937 1541 973 1576 ἃ
995 1541 1119 1588 anguli
1142 1541 1234 1578 fiunt
1256 1540 1418 1578 subituro
1439 1540 1603 1588 sanguini
1626 1540 1740 1587 magis
1764 1538 1888 1576 faven-

339 1606 391 1634 tes
413 1624 422 1638 ‚
455 1596 574 1633 donec
603 1596 647 1632 ad
670 1608 734 1642 45.
763 1595 815 1641 m>
852 1596 1007 1645 gradum
1033 1598 1202 1634 omnium
1229 1595 1297 1633 sint
1325 1597 1369 1633 ad
1396 1596 1648 1645 recipiendum
1676 1596 1888 1643 sanguinem

339 1651 530 1702 aptiffimi:
561 1651 609 1690 fic
635 1653 671 1689 in
694 1653 790 1691 foliis
811 1653 871 1696 fit,
904 1665 989 1690 nam
1014 1653 1050 1690 &
1073 1664 1203 1690 eorum
1223 1652 1319 1690 fibrae.
1335 1654 1372 1689 in
1392 1653 1528 1700 juniori
1555 1652 1646 1689 solio
1673 1653 1711 1688 in
1738 1650 1886 1689 fascicu-

339 1710 416 1746 lum
436 1710 475 1752 n)
499 1709 656 1746 colles'tae
675 1737 685 1751 ,
718 1721 783 1758 per
807 1717 948 1747 aetatem
967 1709 1164 1758 divergunt
1183 1737 1193 1751 ‚
1225 1710 1262 1746 δι
1285 1711 1439 1756 majores
1462 1709 1507 1746 ad
1527 1709 1681 1757 angulos
1703 1698 1910 1745 secedunt>

340 1765 397 1802 Sic
418 1766 455 1801 in
473 1764 613 1802 offibus.
650 1765 766 1803 Priori
790 1768 888 1803 enim
911 1774 1079 1815 tempore
1106 1766 1315 1814 embryonis
1331 1794 1340 1807 ,
1376 1766 1483 1802 unica
1503 1765 1643 1803 macula
1660 1765 1767 1802 rubra
1788 1763 1822 1808 ο)
1849 1764 1888 1802 in

340 1821 412 1859 offe
428 1821 573 1870 adparet
589 1851 601 1865 ‚
619 1822 752 1859 deinde
771 1822 849 1861 duae
865 1835 872 1859 :
899 1821 1026 1860 sensim
1046 1835 1125 1872 quae
1140 1823 1246 1859 unica
1268 1821 1459 1859 videbatur
1476 1820 1544 1858 esse
1562 1823 1688 1859 arteria
1700 1849 1712 1863 ,
1731 1832 1771 1857 ea
1789 1831 1888 1857 nunc

1736 1875 1886 1913 circula·

381 1989 413 2026 h)
435 1987 454 2020 Ι.
469 1997 493 2018 c.
510 1997 581 2026 oper.
595 1990 666 2017 min.
681 1987 753 2025 Exp.
768 1996 814 2025 7¹·
828 1996 875 2023 92.
889 1997 936 2024 93.
952 1998 998 2024 9ς.
1013 1992 1080 2021 18²·
1831 2024 1838 2030 ι
1862 2023 1869 2030 ⁸

376 2030 401 2065 i)
424 2028 616 2066 Parenchyma
630 2029 737 2064 juniori
755 2028 868 2058 animali
883 2028 1032 2066 pallidum,
1046 2028 1113 2057 inde
1129 2027 1212 2057 ruber
1234 2026 1349 2056 Buzcn.
1365 2025 1460 2056 T.111.
1475 2035 1502 2063 p.
1520 2034 1583 2061 140.
1608 2024 1674 2056 Plus
1688 2024 1728 2055 est
1743 2023 1884 2063 sanguim·

340 2071 366 2097 in
385 2069 489 2103 iuniori
505 2069 618 2098 animali
636 2069 763 2100 Lxsrfm,
779 2069 857 2098 hum.
877 2069 1053 2099 Hmscmu.
1070 2068 1158 2107 differ.
1172 2068 1224 2107 set.
1239 2077 1267 2106 p.
1283 2073 1310 2102 8.
1335 2067 1463 2107 PxNEAu
1479 2068 1533 2097 &c-

381 2112 411 2145 ὲ)
436 2112 530 2139 Form.
545 2112 584 2139 :1315
592 2112 686 2146 poulet
696 2112 736 2140 II.
756 2119 784 2147 p.
800 2119 866 2147 179.
1324 2128 1326 2131 ν

390 2151 413 2181 Ι)
436 2149 505 2180 Obs.
521 2155 566 2186 78.
581 2159 626 2186 79.

382 2189 470 2223 m)]n
498 2200 533 2219 eo
558 2190 633 2219 enim
664 2189 768 2227 angulo
787 2196 898 2219 tantum
921 2191 961 2219 vis
984 2188 1163 2226 progreffivae
1188 2198 1251 2219 cum
1280 2188 1307 2217 vi
1330 2196 1479 2225 premente
1500 2187 1534 2216 ad
1553 2185 1790 2224 perpendiculum
1817 2194 1884 2215 con-

344 2231 466 2260 servatur
478 2253 485 2265 ³
510 2237 646 2267 quantum
663 2232 724 2266 ejus
742 2229 802 2258 fieri
821 2230 922 2267 potest.
966 2230 1065 2261 Minor
1082 2228 1200 2267 angulus
1217 2230 1280 2267 plus
1302 2228 1339 2257 de
1355 2229 1383 2257 vi
1401 2227 1572 2265 progreffiva
1587 2227 1672 2256 habet
1685 2249 1692 2261 ‚
1716 2228 1806 2262 major
1820 2225 1884 2263 plus

343 2272 378 2300 ile
399 2271 514 2300 laterali.

385 2314 418 2344 n)
442 2311 587 2340 Lunwm.
609 2310 714 2349 Ifflitt.
731 2321 806 2347 regn.
825 2317 909 2347 veget.
932 2319 959 2347 p.
977 2318 1045 2345 214.

387 2352 416 2386 ο)
439 2352 492 2381 Au
503 2349 659 2390 tusseium&
675 2354 719 2380 des
733 2361 761 2379 or
773 2353 796 2380 l.
818 2360 846 2388 p.
861 2359 928 2386 2¹9·
