1955 2732
354 97 1346 141 SECIZI.1NCREMENTUM.
1593 111 1639 145 31

66 206 202 235 norum
236 196 351 236 robur
380 196 501 246 capilli
533 196 603 235 fuit
639 201 790 242 10348.
822 197 861 233 in
889 201 1046 245 quatuor
1071 194 1216 232 feminis
1249 205 1429 232 annorum
1465 201 1513 239 58
1547 193 1641 246 (b}:

67 255 165 292 idem
192 256 305 293 robur
336 255 405 294 fuit
432 256 589 305 partium
618 261 768 299 12692.
820 254 986 292 Siccitate
1015 254 1128 292 robur
1153 260 1307 301 augetur
1337 254 1433 299 (c);
1464 254 1552 292 dum
1578 267 1648 292 una

68 313 189 363 capilli
211 314 383 352 diameter
406 327 484 352 non
501 313 650 364 perinde
671 311 845 352 increscit.
879 313 976 351 Nam
1001 314 1039 350 in
1062 313 1176 362 priori
1193 311 1328 349 infante
1346 323 1385 348 ea
1409 311 1477 349 fuit
1496 320 1536 350 ut
1564 320 1643 357 398

18 410 22 413 ,
65 373 105 410 in
131 373 243 411 altero
271 382 309 412 ut
338 381 417 418 332
440 377 454 416 (
467 375 489 409 d
530 401 539 415 ‚
573 379 614 411 ut
638 374 793 410 omnino
815 380 932 422 partes
959 372 1122 422 corporis
1145 373 1271 422 potius
1295 369 1394 408 mole
1419 370 1641 415 decrescant,

66 431 155 470 dum
182 442 359 480 augentur
385 433 530 470 robore.

63 536 67 544 ¹
126 489 253 529 Causas
279 490 407 528 harum
436 491 682 528 mutationum
708 502 786 528 non
809 489 918 528 fuerit
949 489 1041 528 adeo
1067 487 1212 527 difficile
1241 500 1375 527 eruere.
1428 487 1569 531 Prima,
1606 489 1644 526 3:

64 551 253 598 princeps,
293 550 343 587 est
368 549 537 587 adtraffio
558 555 732 598 perpetua
761 548 939 587 cellulosae
964 549 1042 586 telae
1069 552 1166 594 (e),
1197 560 1277 598 quae
1300 547 1437 586 subitos
1465 547 1613 597 quidem
1628 576 1640 590 ,

65 607 102 644 &
122 619 186 656 per
206 611 454 657 experimenta
480 603 697 656 'conspicuos
718 615 840 645 motus
862 607 983 646 nullos
1015 607 1113 649 edit,
1144 614 1313 645 caeterum
1336 614 1515 655 perpetuo
1532 635 1543 649 ,
1577 619 1644 656 per

63 666 263 704 universam
283 669 413 710 vitam,
449 669 556 704 etiam
574 679 593 704 a
612 674 753 709 morte,
784 667 899 704 tendit
916 668 953 703 in
973 666 1121 704 suorum
1145 665 1290 703 filorum
1315 666 1551 704 brevitatem:
1574 667 1644 703 mi·

61 727 160 762 nime
186 739 225 768 ea
253 728 460 775 impotens,
495 738 573 775 quae
597 723 704 774 poffit
733 726 814 774 post
837 725 1067 775 hydropem,
1101 725 1371 774 graviditatem,
1400 731 1461 762 aut
1478 724 1641 762 eduetam

60 797 81 821 a
108 783 290 833 Chirurgo
317 796 487 833 magnam
513 783 723 833 glandulam
740 812 749 826 ,
780 792 902 822 cutem
926 786 964 821 in
991 783 1196 834 quadruplo
1218 785 1338 821 minus
1358 782 1513 832 spatium
1535 783 1641 823 redun

61 855 162 885 cere,
197 855 275 892 quae
294 843 443 881 demum
460 842 730 880 etiainalveolos
755 843 921 882 dentium
946 850 1145 880 excaecatos
1171 845 1270 880 norit
1295 842 1433 890 delere,
1458 849 1498 879 ut
1524 844 1561 879 in
1588 850 1640 880 te-

59 913 170 939 nuem
195 903 310 939 aciem
330 901 474 939 maxilla
500 903 601 939 abeat
620 900 674 950 (f
691 907 710 941 ).
746 901 862 939 Etiam
882 901 960 940 vasa
978 902 1198 951 emulgentia
1223 901 1268 939 ad
1287 901 1438 949 triplum
1461 900 1640 939 diminuta

57 960 204 999 fuerunt
220 973 304 998 rene
322 962 508 999 contratlo
526 960 600 1009 (f³⁴<
614 962 640 1006 ).
666 959 710 998 Et
729 968 914 1010 turgentes
932 961 1044 1010 puelli
1060 973 1225 998 mammae
1241 962 1277 997 in
1293 962 1423 1007 juvene
1445 960 1636 998 contratlae

59 1031 126 1069 per
149 1026 289 1057 aetatem
311 1031 406 1069 pene
431 1018 654 1057 evanescunt.
690 1017 775 1066 Ejus
803 1020 1030 1057 adtrafflonis
1046 1022 1121 1057 vim
1143 1019 1448 1068 deprehendimus
1469 1020 1508 1056 in
1531 1019 1638 1068 pullo

56 1079 252 1121 incubato‚
289 1080 399 1128 inque
427 1077 546 1116 cordis
571 1077 678 1127 ipsius
707 1081 910 1116 mutatione
940 1081 1029 1126 (g).
1085 1077 1221 1116 Eadem
1240 1090 1340 1116 nunc
1364 1079 1404 1115 in
1432 1084 1514 1115 toto
1541 1090 1637 1127 pene

58 1132 213 1187 Corpore
237 1138 400 1176 humano
426 1144 632 1186 geruntur,
668 1150 752 1174 nam
788 1140 863 1184 ejus
894 1139 1025 1186 exigua
1056 1148 1137 1186 pars
1162 1149 1240 1175 non
1270 1137 1319 1174 est
1346 1135 1516 1174 cellqusa
1544 1138 1560 1180 (
1572 1137 1633 1183 ὣ),

55 1194 106 1234 Ea
131 1198 183 1234 vis
209 1208 275 1245 per
299 1195 466 1234 cellulosa
497 1197 654 1245 partium
681 1196 846 1239 vincula,
884 1198 921 1234 in
939 1197 1183 1239 membranis,
1211 1194 1401 1238 musculis,
1428 1194 1630 1244 glandulis,

54 1254 141 1292 vasis
159 1283 169 1297 ,
203 1255 380 1292 elementa
399 1267 522 1292 earum
546 1256 702 1304 partium
729 1255 773 1292 ad
792 1257 985 1305 propiores
1016 1255 1200 1293 conta-stus
1226 1254 1394 1293 adducit:
1427 1253 1567 1304 semper
1587 1266 1634 1293 eo

55 1311 206 1357 fortior,
231 1322 281 1352 *ut
304 1316 421 1363 prIma
446 1313 620 1352 fluiditate
646 1314 826 1363 superata,
864 1327 903 1352 ea
931 1321 1009 1352 tota
1035 1326 1135 1353 nunc
1161 1313 1301 1351 firmior
1327 1313 1414 1351 fasta
1434 1312 1493 1351 est.

44 1364 47 1368 ¹
111 1372 166 1411 Ita
192 1381 267 1411 rete
295 1373 497 1422 amplarum
512 1385 692 1416 arearum,
721 1384 791 1422 pro
820 1385 896 1423 quo
914 1373 1141 1410 membranas
1159 1385 1290 1411 omnes
1306 1372 1461 1414 habeas,
1489 1379 1633 1411 contra-

53 1432 151 1471 hitur
178 1444 278 1471 nunc
301 1433 339 1469 in
358 1439 433 1470 rete
461 1444 620 1470 arearum
642 1433 898 1475 minimarum,
937 1433 973 1469 δε
996 1430 1206 1481 interposita
1231 1431 1291 1469 illa
1311 1431 1451 1469 fetuum
1480 1431 1632 1480 aquula,

53 1487 147 1528 inter
173 1490 349 1529 elementa
373 1490 485 1529 solida
518 1490 671 1529 eliditur.
721 1490 775 1528 Ita
806 1490 976 1529 adtrafflO
1001 1498 1153 1540 augetur
1177 1498 1379 1540 perpetuo,
1411 1489 1550 1528 infinita
1577 1490 1634 1529 fu-

53 1556 150 1592 tura,
189 1548 214 1586 fi
241 1549 417 1587 elementa
445 1556 525 1587 tota
550 1549 585 1586 se
604 1548 736 1598 absque
762 1549 952 1587 intervallo
980 1549 1334 1598 comprehenderint.
1392 1547 1437 1585 Et
1465 1560 1552 1586 cum
1569 1550 1632 1587 ad-

52 1609 242 1646 traditiones
268 1607 336 1646 smt
360 1609 398 1645 in
416 1606 606 1646 massarum
625 1609 765 1645 ratione
779 1635 788 1649 ‚
817 1608 908 1645 &in
926 1608 1066 1645 ratione
1087 1608 1205 1657 aliqua
1226 1606 1361 1644 inversa
1384 1606 1632 1646 distantiarum

51 1679 130 1706 non
164 1667 243 1705 satis
280 1667 449 1705 haetenus
480 1673 595 1710 nota,
627 1673 779 1716 utraque
806 1678 852 1704 ex
882 1666 982 1704 causa
1009 1666 1149 1715 semper
1182 1665 1336 1704 cohaefio
1363 1665 1632 1705 elementorum

50 1727 259 1765 nostrorum
288 1726 488 1774 augebitur.
543 1724 684 1763 Deletis
713 1727 811 1762 enim
848 1724 1035 1762 nonnullis
1064 1726 1187 1773 poris,
1222 1726 1377 1772 majores
1402 1723 1484 1762 sunt
1513 1726 1630 1764 maffae

50 1785 192 1831 solidae3
229 1786 265 1822 ἅτ
285 1785 439 1828 eaedem,
470 1783 663 1822 intervallis
691 1785 897 1827 diminutis,
931 1786 1118 1832 potentius
1144 1783 1178 1821 se
1203 1783 1361 1821 trahunt.
1395 1782 1483 1821 Haec
1508 1793 1630 1823 autem

50 1845 222 1882 adtraelio
259 1856 343 1883 cum
375 1845 411 1881 vi
443 1842 649 1881 distrahenti
676 1844 850 1881 renitatur
870 1871 879 1885 ‚
911 1841 1015 1880 facile
1044 1842 1223 1893 adparet,
1257 1855 1336 1881 eam
1366 1845 1630 1892 antagonistam

50 1904 264 1942 incrementi
292 1901 381 1946 effe,
411 1914 490 1954 quae
517 1909 697 1953 perpetuo
724 1901 854 1941 fortior
883 1901 1017 1940 evadat,

1477 1961 1628 2012 Aliquid

144 2020 157 2051 l
179 2028 208 2057 p.
232 2028 298 2057 321.

144 2062 156 2096 )
179 2071 206 2093 rx
235 2069 300 2097 ³27·

145 2102 156 2136 )
178 2100 375 2131 Rossmsox.

145 2142 157 2177 )
182 2141 228 2170 Vis
250 2149 362 2171 mortua
386 2139 418 2171 L.
440 2140 502 2171 xl.
527 2150 553 2177 p·
574 2147 644 2176 443.

88 2180 156 2219 (f)
179 2181 338 2211 Rursen.
362 2182 445 2211 catal.
468 2180 538 2221 mus]
564 2189 591 2216 p.
615 2188 679 2215 ιιι.
710 2180 852 2212 Lmen(
871 2182 949 2212 alim.
965 2180 999 2212 T.
1016 2180 1056 2213 H.
1079 2189 1108 2220 p,
1126 2189 1195 2219 425.
1226 2179 1260 2212 In
1281 2190 1356 2219 equo
1375 2180 1492 2212 sunt
1513 2186 1625 2219 p02ossq

50 2220 127 2252 lntra
150 2230 196 2256 24.
222 2221 307 2252 horas
332 2220 503 2252 Bouana-r.
528 2221 620 2257 rfflex.
644 2231 673 2259 p.
698 2230 743 2253 αι.
1576 2243 1580 2246 -

88 2261 377 2299 (s')PA1.1„uecr
407 2262 493 2301 Iitkol.
517 2259 592 2299 pref.
615 2271 643 2299 p.
659 2265 708 2301 67.

87 2302 149 2340 (g)
171 2305 300 2333 Format.
327 2304 368 2332 du
387 2302 482 2341 poulet
506 2301 551 2337 Η,
583 2310 609 2340 p.
629 2308 678 2340 98.

87 2342 154 2383 (b)
174 2342 207 2375 L.
226 2342 248 2375 1.
272 2353 301 2383 p.
320 2351 371 2376 22·

94 2018 134 2053 (b

80 2062 135 2095 ,(ι·

89 2101 136 2135 (d

87 2143 128 2174 (e
