1955 2732
235 131 398 174 SEGT.
429 130 482 170 II.
543 126 896 169 PRIMORDIA
936 126 1098 169 NOVI
1139 127 1447 168 ANIMALIS.
1545 139 1619 176 155

180 239 284 282 Itale)
304 238 442 288 reliqua
462 238 588 277 omnia
606 236 725 283 fiunt3
744 236 956 275 extenditur
971 248 992 274 a
1016 235 1129 274 corde
1149 235 1267 272 acrius
1287 234 1498 284 impellente
1518 235 1627 285 quid.

70 297 160 348 quid
180 297 230 335 est
249 297 473 338 arteriarum,
493 294 576 344 plus
596 306 686 342 ergo
698 294 838 332 cruoris
853 294 898 331 ad
911 293 1103 331 corculum
1124 291 1278 334 redibit,
1296 292 1495 329 irritabitur
1513 304 1534 330 a
1550 291 1627 329 sau-

70 355 183 403 guine
203 381 214 396 ,
235 359 279 390 ut
294 364 314 390 a
330 352 396 390 suo
410 353 535 389 nativo
558 349 705 388 stimulo
720 378 730 393 ‚
763 351 907 388 arterias
930 351 1078 398 urgebit
1101 350 1139 385 in
1157 348 1314 395 majores
1336 347 1490 396 angulos
1508 376 1518 389 ‚
1552 348 1628 385 nas-

70 418 200 448 centur
217 408 498 458 iutervalla‚quae
510 407 555 445 de
565 405 652 445 valis
663 405 894 444 refistentiam
910 405 1072 449 demant,
1089 412 1131 444 ut
1141 404 1281 443 facilius
1292 411 1447 454 pergant
1464 404 1621 442 extendi.

184 491 315 529 Anima
336 490 623 538 conceptionem
639 486 715 525 fieri
726 489 898 536 ignorat,
929 498 1051 537 neque
1075 486 1279 537 quidquam
1302 485 1368 524 fibi
1386 484 1626 536 repraesentat,

72 547 139 586 nifi
162 547 358 597 quemdam
385 545 483 595 quasl
505 545 692 583 fremitum
711 543 750 589 l).

183 627 301 667 Etiam
325 619 570 666 dormientem
597 626 770 663 feminam
786 625 842 672 m)
866 623 1097 673 impraegnari
1113 651 1123 666 ,
1156 623 1194 659 &
1216 622 1398 671 stupidam
1414 622 1455 667 n)
1477 651 1487 666 ‚
1505 621 1630 672 passim

73 686 194 734 legas:
227 685 380 722 invitam
409 685 518 721 etiam
548 683 791 733 plerumque,
820 691 900 732 quae
932 680 1062 719 illicito
1093 679 1128 717 se
1156 680 1277 718 amori
1302 680 1512 729 permittit,
1544 692 1632 718 cum

72 750 219 793 partum
246 753 340 791 pene
365 752 494 779 omnes
517 741 677 778 timeant.

185 822 301 861 Pauca
323 822 382 859 illa
407 821 575 870 exempla
596 849 606 864 ‚
640 822 678 858 in
703 819 835 870 quibus
864 817 997 868 absque
1029 818 1137 854 maris
1158 828 1232 866 ope
1254 819 1344 855 novi
1367 818 1461 856 fetus
1490 816 1633 866 aphidis

74 887 297 929 pepererunt
313 879 371 923 ο),
404 877 550 916 difficile
579 878 629 915 est
654 877 881 925 interpretari
903 888 910 912 :
942 873 1008 912 nifi
1028 873 1066 911 id
1098 873 1220 911 semen
1243 880 1425 916 tantarum
1449 874 1556 911 facias
1580 875 1634 911 vi.

75 938 170 973 rium
185 964 195 979 ‚
227 943 269 973 ut
293 948 358 985 per
381 936 506 973 omnia
529 933 716 972 involucra
739 939 947 982 penetrare,
971 932 1009 968 δι
1034 932 1126 968 intra
1148 937 1303 967 matrem
1327 931 1422 970 fetus
1439 943 1510 969 ova
1533 929 1634 969 vitali

75 993 114 1029 vi
144 993 382 1041 impraegnare
411 993 583 1041 potuerit.
644 990 688 1028 Id
715 1002 803 1028 vero
831 1001 909 1026 non
931 987 1024 1025 adeo
1054 988 1116 1025 abs
1143 999 1181 1024 re
1211 986 1269 1024 est.

186 1072 276 1111 Haec
296 1073 422 1110 semini
441 1072 602 1110 masculo
621 1072 765 1110 tribuo:
797 1070 863 1120 ipfi
886 1070 1068 1118 voluptati
1087 1068 1232 1105 feminae
1256 1067 1477 1105 ereffionem
1508 1068 1606 1106 tubae
1621 1095 1632 1111 ,

80 1129 116 1165 &
146 1129 190 1165 ad
220 1131 385 1166 ovarium
423 1141 490 1176 per
517 1130 710 1177 proprium
743 1127 847 1165 suum
876 1125 1073 1163 humorem
1101 1124 1455 1172 adglutinationem,
1488 1124 1526 1161 ὃς
1547 1136 1636 1173 rup-

79 1186 218 1221 tionem
240 1193 389 1222 maturae
408 1183 570 1221 veficulae
586 1213 596 1228 ‚
631 1185 668 1221 Sc
689 1185 779 1221 novi
797 1181 959 1221 animalis
978 1183 1017 1219 in
1032 1181 1158 1219 tubam
1178 1178 1466 1230 expressionem,
1489 1180 1526 1218 ὅτ,
1544 1176 1636 1229 ejus-

79 1240 165 1277 dem
186 1253 251 1290 per
271 1242 396 1279 tubam
421 1239 467 1278 ad
491 1248 639 1279 uterum
665 1241 743 1278 iter.

430 1352 436 1362 ¹
474 1356 507 1398 ἓ.
543 1351 715 1391 XXXII.
779 1351 945 1390 Evolutlo
970 1326 1094 1399 alffque
1119 1361 1228 1387 mare.

194 1441 346 1492 Duplex
375 1443 424 1480 est
453 1445 491 1480 in
516 1443 647 1492 plantis
672 1442 837 1481 evolutio
857 1470 867 1484 ,
901 1441 1039 1490 duplex
1071 1441 1109 1477 in
1139 1438 1362 1478 animalibus,
1423 1437 1543 1476 Etiam
1567 1437 1636 1476 illae

83 1499 215 1536 habent
236 1511 299 1548 per
322 1512 450 1536 onmes
481 1500 557 1537 suas
585 1506 703 1548 partes
733 1498 885 1548 dispersa
915 1498 1104 1547 germina,
1138 1509 1219 1546 quae
1250 1497 1288 1532 in
1316 1507 1440 1538 novas,
1453 1497 1633 1544 integras,

82 1557 247 1604 oviparas
269 1555 404 1604 plantas
421 1584 431 1598 ,
464 1556 596 1605 absque
616 1555 687 1593 ulla
708 1554 855 1592 masculi
878 1554 1020 1592 seminis
1042 1553 1245 1602 suspicione
1266 1551 1479 1589 adolescant.
1539 1551 1636 1589 Salix

84 1611 215 1648 femina
241 1611 312 1648 sola
339 1613 428 1649 vivit
444 1641 452 1654 ,
486 1613 617 1661 absque
644 1612 716 1648 ulla
742 1613 779 1648 in
808 1612 939 1648 vicinia
965 1609 1119 1646 mascula
1146 1610 1198 1647 sui
1224 1609 1367 1657 generis
1393 1608 1510 1657 stirpe.
1561 1607 1637 1645 Ha-

84 1668 146 1704 bet
173 1675 291 1704 tamen
316 1670 354 1704 in
377 1673 480 1705 omni
504 1668 562 1705 sua
589 1680 733 1716 gemma
755 1696 764 1710 ,
799 1668 854 1714 (&
875 1679 997 1704 earum
1017 1677 1247 1714 gemmarum
1265 1676 1438 1702 numerus
1459 1665 1542 1701 iniri
1559 1669 1637 1702 non

83 1723 232 1772 potest)
266 1736 399 1760 novam
418 1725 576 1772 plantam
599 1752 608 1763 ,
642 1736 721 1772 quae
744 1730 831 1772 apto
871 1725 908 1759 in
939 1722 1017 1759 solo
1057 1722 1284 1759 millionibus
1324 1732 1553 1769 gemmarum
1587 1720 1638 1757 sa-

84 1779 197 1816 licum
216 1808 224 1821 ‚
253 1780 478 1817 millionibus
499 1780 632 1817 florum
660 1780 830 1828 equidem
861 1779 1122 1818 femininorum
1147 1777 1302 1815 feeunda
1334 1776 1375 1814 sit
1401 1777 1530 1814 futura.
1593 1776 1638 1814 Et

85 1835 221 1883 singula
254 1835 332 1873 filiae
364 1836 475 1873 salicis
509 1848 654 1884 gemma
684 1838 816 1873 iterum
850 1835 1032 1872 milliones
1071 1846 1250 1871 novarum
1284 1833 1430 1870 salicum
1467 1845 1532 1881 per
1562 1833 1638 1870 suas

86 1904 248 1940 gemmas
280 1892 461 1941 producit.
521 1893 558 1930 Si
586 1905 631 1930 ex
663 1893 784 1942 planta
813 1891 1026 1940 androgyna
1061 1902 1208 1939 gemma
1237 1890 1353 1928 sumta
1382 1891 1516 1931 luerit,
1552 1896 1639 1926 tunc

86 1957 283 1997 utrumque
312 1951 420 1986 etiam
446 1949 572 1987 sexum
602 1961 730 1987 omnes
768 1949 899 1998 plantae
927 1949 1142 1990 habebunt,
1183 1958 1263 1996 quae
1297 1957 1344 1983 eX
1377 1946 1453 1993 ejus
1482 1946 1638 1993 gemmis

87 2005 288 2042 nascuntur.

959 2032 995 2069 V
1027 2044 1047 2069 2
1543 2029 1641 2067 Cum

129 2113 158 2145 ἲς)
181 2111 329 2143 ΒΟΝΝΕΤ.
347 2123 427 2152 corps*
442 2112 582 2153 orgamfi‘s
592 2116 631 2144 II.
652 2124 680 2152 p.
698 2121 762 2150 229.
796 2113 820 2151 J
836 2113 932 2143 ViNC.
948 2114 1087 2143 Parrum
1109 2109 1187 2151 praef}
1202 2110 1237 2138 ad
1256 2109 1458 2139 collectionem
1483 2111 1641 2140 Ronmnzun

88 2154 121 2182 de
137 2155 272 2184 ira-trahil*
291 2164 317 2192 p.
334 2163 373 2190 24
423 2156 495 2184 Add.
514 2155 653 2185 LiGNAC.
669 2154 706 2187 T.
723 2154 795 2185 Vlll.
816 2164 843 2191 p.
862 2163 928 2191 232.
956 2149 1387 2190 Peaeum-r.effJIII.p.316.
1413 2152 1586 2180 thssszxs
1601 2153 1641 2180 liu

90 2203 204 2230 coeurp.
228 2201 290 2229 ¹223·
312 2204 373 2232 ¹29·
392 2199 456 2231 136.
480 2196 544 2227 (etsi
574 2196 597 2224 is
621 2205 717 2225 aerem
744 2195 896 2227 admiscet)
925 2194 1043 2224 Bavzss‘
1061 2204 1087 2231 p.
1104 2198 1169 2229 558.
1204 2191 1341 2220 Causa-s
1356 2201 1384 2228 p.
1405 2201 1489 2230 1172.
1529 2191 1560 2221 V.
1579 2201 1641 2220 DER

89 2234 236 2264 Susam
251 2245 278 2272 p.
293 2245 340 2272 27.
377 2238 465 2273 Negre
478 2238 561 2265 blanc
579 2237 607 2265 in
626 2235 788 2265 universum
803 2245 829 2273 p.
851 2245 893 2270 13.
907 2240 954 2272 67.
991 2235 1192 2264 Romamn:
1210 2241 1236 2269 p.
1259 2240 1294 2264 32
1321 2241 1365 2268 33.

130 2275 153 2303 l)
178 2276 207 2306 L.
226 2276 330 2306 XXIX
357 2286 383 2314 p.
403 2286 449 2311 24.
476 2277 567 2307 Etiam
581 2277 659 2306 hunc
674 2287 733 2305 non
746 2276 864 2311 semper.

131 2316 174 2352 m)
186 2316 357 2346 Zamam.
376 2320 451 2347 Ceut.
464 2320 520 2348 III.
536 2316 590 2357 cas:
606 2321 653 2355 76.
685 2318 761 2347 Cent.
779 2319 808 2347 l&
825 2314 936 2355 casm.
959 2315 1024 2346 ΛιἹ.
1039 2311 1215 2351 Erud.Li1JI
1232 2322 1296 2341 nuri.
1314 2320 1397 2349 1715.
1417 2321 1444 2348 p.
1465 2321 1518 2342 122
1563 2314 1639 2344 Hor-

94 2365 172 2385 MAN*
191 2360 262 2387 med.
280 2357 353 2397 confi
374 2358 408 2387 T.
422 2359 468 2387 lv.
492 2362 559 2388 Dec.
572 2361 596 2389 I.
612 2368 636 2388 c.
651 2361 678 2388 6.
702 2357 771 2395 Epir.
793 2359 860 2386 Ναί.
878 2358 942 2386 Cur.
958 2358 1034 2386 Ceut.
1046 2358 1101 2387 III·
1119 2354 1179 2387 Obs·
1195 2363 1244 2391 49·

133 2404 163 2425 n·
189 2397 337 2428 ΖιτΜΛΝ.
363 2402 440 2429 ΟΜ.
461 2402 490 2428 V.
513 2397 568 2438 (as.
584 2408 632 2428 21.

132 2438 162 2474 ο)
183 2448 211 2476 p·
226 2448 273 2476 92·
