1955 2732
575 336 1170 382 ADDENDA

290 450 338 488 ad
367 448 648 490 ELEMENTA
679 451 1058 491 Pammenem
1095 453 1260 500 Corporis
1292 453 1449 490 hmnuni.

222 555 369 597 Ecimus
396 572 514 599 annus
533 561 691 600 volvitur
708 590 735 604 ,,
754 573 800 598 ex
833 573 911 611 quo
935 559 1012 598 hoc
1047 573 1141 610 opus
1167 560 1233 599 sub
1265 561 1410 610 prelum
1440 561 1566 599 datum
1600 560 1660 598 est.

233 617 364 656 Otium
399 619 566 669 Rupense
596 621 701 663 feeit,
736 630 777 659 ut
814 633 860 658 eo
893 620 1018 658 labore
1056 621 1208 670 defungi
1242 621 1384 659 licuerit
1426 621 1577 658 Interim
1606 619 1663 657 his

83 677 213 719 annis,
248 690 334 716 cum
361 679 558 718 multarum
583 680 860 719 Academiarum
890 679 1032 718 labores
1051 708 1061 722 ‚
1098 681 1135 717 ἃ
1167 680 1366 719 incisorum
1395 693 1495 718 nunc
1513 710 1521 723 ,
1555 691 1665 730 quam

84 747 249 784 unquam
281 738 598 783 numerofiorum,
634 740 805 778 industria
830 741 868 777 in
898 739 1061 777 ornanda
1089 748 1259 778 anatome
1290 740 1550 782 elaboraverit,
1586 751 1667 788 pas-

83 793 149 831 fim
179 795 297 845 aliqua
327 799 474 836 inventa
507 799 589 837 sunt
609 829 619 842 ‚
655 800 786 850 quibus
819 799 922 837 effata
958 812 1038 836 mea
1064 808 1125 838 aut
1155 800 1375 838 illustrantur
1398 829 1408 842 ‚
1443 808 1505 837 aut
1532 799 1666 836 confir-

83 863 254 897 mantur,
291 863 354 893 aut
391 857 549 908 denique
585 862 829 907 corriguntur.
895 857 985 897 Haec
1019 858 1167 897 coneda
1188 888 1198 902 ,
1233 860 1357 909 quoad
1389 861 1464 906 ejus
1491 858 1581 895 mihi
1610 859 1665 895 vi-

81 911 162 951 sum
182 915 233 951 est
252 915 414 959 necesse,
457 918 519 956 hic
547 918 730 968 subjungo
751 948 759 961 ‚
795 928 835 956 ut
865 920 953 956 meis
976 919 1168 967 ‚promissis
1198 919 1297 956 stein.
1365 918 1458 964 Quae
1490 920 1588 956 enim
1608 917 1666 955 his

84 975 312 1022 temporibus
343 985 439 1013 certa
471 977 541 1015 fide
579 979 625 1016 de
668 978 899 1028 physiologia
941 981 1107 1027 corporis
1145 978 1297 1017 humani
1328 976 1588 1020 innotmffent,
1624 990 1665 1015 ea

85 1032 234 1071 collecta
264 1034 346 1072 dare
380 1036 550 1084 promisi:
586 1038 687 1075 idem
710 1038 822 1086 longe
848 1039 891 1074 ab
917 1050 958 1075 ea
984 1040 1184 1075 temeritate
1205 1038 1323 1080 abfui,
1359 1046 1399 1076 ut
1429 1040 1552 1075 omnia
1577 1038 1667 1075 reci-

83 1103 211 1140 perem
241 1105 300 1131 me
335 1095 504 1133 daturum
522 1124 531 1139 ,
568 1109 645 1146 quae
675 1097 758 1136 felix
786 1098 1016 1146 posterorum
1035 1098 1208 1135 industria
1231 1098 1362 1136 addere
1389 1099 1533 1146 poterit.
1571 1096 1666 1143 Quae

83 1151 177 1188 nihil
214 1164 384 1191 meorum
419 1163 482 1193 aut
511 1158 745 1198 evincerent,
779 1164 841 1193 aut
872 1156 1089 1199 refutarent,
1138 1169 1203 1200 ea,
1252 1156 1314 1194 etsi
1337 1157 1436 1194 bona
1470 1158 1506 1194 δε
1545 1168 1626 1194 vera
1642 1166 1664 1199 ¹,

83 1221 185 1248 nunc
219 1212 366 1266 quidem
391 1215 609 1263 praeterinifi.
653 1215 776 1253 Bernae
801 1215 859 1252 die
883 1226 948 1252 zo.
982 1215 1064 1266 Jun.
1098 1228 1180 1254 ann.
1216 1223 1332 1262 ⁶765.

142 1268 184 1308 L.
210 1270 233 1308 1.
261 1271 348 1310 Sest.
369 1271 394 1311 Ι.
434 1285 517 1323 pag.
550 1287 580 1312 1.
610 1275 731 1314 Terrae
752 1275 915 1314 animalis
937 1287 1017 1324 pars
1042 1278 1160 1323 major
1177 1275 1226 1313 est
1248 1275 1292 1313 de
1309 1287 1446 1325 genere
1470 1275 1664 1313 absorben-

75 1325 120 1367 vte
139 1358 149 1372 ‚
186 1341 265 1379 quae
291 1344 424 1383 nempe
450 1346 596 1373 acorem
624 1335 834 1374 chemicum
865 1334 1078 1378 absorbeat,
1115 1336 1152 1373 δι’,
1180 1336 1224 1373 ab
1259 1347 1305 1373 eo
1335 1336 1433 1373 lente
1472 1335 1631 1373 solvatur
1650 1363 1662 1379 ,

82 1388 215 1440 absque
235 1390 378 1429 fervore
413 1391 575 1431 BLAKE
610 1394 661 1444 ‘ff-
694 1394 736 1442 of
754 1408 774 1431 a
795 1394 863 1442 soi:⁴
892 1393 991 1442 phys.
1027 1397 1108 1432 and.
1133 1395 1242 1432 litter.
1276 1394 1384 1433 T.11.
1421 1407 1456 1444 p.
1488 1402 1575 1439 183.
1598 1406 1668 1432 nec

83 1443 122 1486 in
160 1448 296 1487 calcem
331 1452 405 1490 usta
440 1461 597 1493 vertatur
625 1453 739 1493 Lew
758 1465 770 1491 1
787 1466 801 1490 s
829 1460 914 1491 mat.
946 1453 1030 1491 med.
1071 1464 1107 1503 p.
1128 1463 1224 1499 229.
1260 1451 1453 1492 difficulter
1473 1456 1512 1492 in
1534 1457 1668 1493 vitrum

81 1505 430 1557 ¹wlff-immixtis.
464 1512 533 1550 Le.

143 1565 257 1605 Terra
294 1568 489 1607 albuminis
522 1572 558 1608 ὃς
588 1571 700 1609 vitelli
734 1572 819 1613 ovi,
854 1571 892 1608 &
913 1572 1028 1608 carnis
1049 1571 1214 1613 bubu1ae‚
1248 1571 1405 1610 vitrescit
1434 1571 1666 1612 Winm.

85 1624 130 1665 K.
173 1627 323 1665 Smmsr.
358 1628 524 1668 Wetensk
554 1630 659 1667 Aeaci.
691 1631 806 1668 handl.
844 1636 965 1674 1760.
995 1629 1107 1668 Terra
1136 1633 1368 1675 ostreorum,
1402 1632 1633 1682 mytulorum
1651 1660 1663 1675 ‚

89 1686 124 1724 δε
149 1685 242 1724 testae
272 1699 430 1727 ovorum
465 1701 550 1727 vere
575 1689 724 1728 calcaria
756 1689 805 1728 est
834 1688 964 1727 lnam
999 1689 1086 1727 ibid.
1105 1703 1140 1739 p.
1167 1697 1255 1734 196.

145 1745 202 1784 Ad
237 1758 271 1795 p.
297 1758 334 1793 4.
354 1746 426 1786 Pro
458 1749 600 1798 glutine
630 1751 780 1787 uniente
812 1748 991 1787 elementa
1021 1756 1134 1786 terrea
1167 1750 1264 1787 confi
1308 1749 1514 1788 testimonia
1550 1749 1669 1789 Abra-

86 1806 184 1843 hami
212 1803 417 1845 Kmuw.
454 1809 551 1846 Not.
586 1810 715 1846 Comm.
752 1809 856 1846 Aemi.
888 1808 986 1845 Petr.
1006 1807 1050 1846 T.
1072 1807 1137 1846 IV.
1165 1822 1200 1858 p.
1230 1815 1324 1856 346.
1349 1810 1417 1846 Sec.
1453 1810 1508 1848 Cl.
1537 1809 1669 1848 Mac-

87 1876 107 1901 13
126 1876 246 1902 axnz
280 1864 385 1914 effliys
414 1879 445 1916 p.
471 1879 532 1912 30.
560 1868 627 1906 &c.
663 1869 699 1906 ἃ
721 1868 765 1906 ad
786 1880 904 1906 aerem
923 1867 1059 1911 fixum,
1087 1875 1276 1920 tamquam
1302 1869 1489 1908 vinculum
1507 1870 1667 1920 partium

88 1923 298 1963 animalium
330 1925 474 1965 IDEM.
506 1940 540 1977 p.
564 1937 628 1970 28-
656 1938 720 1972 29.
751 1939 847 1974 225.
870 1937 965 1974 254.

164 1984 220 2021 Ad
245 1998 281 2034 p.
308 1997 369 2024 12.
403 1986 448 2025 In
475 1989 618 2026 civitate
647 2000 720 2026 01·ae
748 1990 929 2030 dentium,
966 1988 1002 2025 8:
1029 1987 1160 2036 populi
1223 1987 1399 2038 Quaqua,
1433 1988 1592 2037 ctirurgi
1624 1987 1671 2027 ad

88 2042 305 2083 marasmum
334 2046 373 2083 ἃ
400 2047 766 2097 hypochondriacum
791 2047 930 2086 malum
955 2047 1153 2085 sanandum
1173 2078 1181 2089 .
1216 2047 1325 2086 incisa
1353 2057 1461 2091 cute,
1496 2052 1584 2086 aeris
1616 2052 1670 2086 in-

90 2102 195 2141 flant,
232 2112 410 2154 quantum
447 2105 576 2145 sufficit
609 2107 905 2146 GALANDAT
945 2107 1106 2145 υενὴιυιιλ
1141 2109 1203 2145 der
1231 2107 1397 2145 hollanaz.
1430 2112 1666 2158 niaufflhupp.

90 2161 134 2199 T.
159 2161 224 2200 VI.
259 2162 296 2200 P.
319 2173 355 2202 2.
380 2177 414 2214 p.
440 2177 502 2213 15.
531 2166 576 2206 Τ.
600 2165 730 2206 VIII.
768 2179 804 2217 p.
830 2177 866 2204 2.
898 2178 933 2216 p.
956 2176 1051 2211 235.

148 2220 218 2260 Per
251 2223 460 2264 cellulosam
480 2225 592 2266 telam
619 2225 794 2267 humores
822 2226 1044 2278 podagricos
1075 2227 1217 2266 moveri
1238 2226 1485 2266 PourssAu
1514 2226 1663 2276 melang.

73 2292 125 2330 *p.
148 2291 212 2328 75-

1609 2345 1665 2386 cl.

1028 2407 1125 2457 (q)
1190 2418 1210 2456 3
