1955 2732
282 118 365 159 ,με
769 107 864 148 LJB.
898 106 1045 147 XXIX.
1107 107 1135 146 r
1164 107 1194 146 E
1223 107 1259 146 Τ
1289 108 1323 148 u
1351 109 1387 157 s.

291 216 455 267 pondere
477 223 661 259 teneram,
695 227 805 266 quam
830 215 931 258 dixi,
961 216 1211 254 membran-am
1229 215 1422 254 distrahere
1438 213 1486 258 a).
1519 214 1624 253 Nasci
1655 218 1763 254 etiam
1787 231 1853 268 ge.-

292 286 359 311 nus
381 272 530 321 aliquod
544 272 847 313 [inflammationis
871 273 908 308 in
925 279 1031 309 utero
1049 300 1058 315 ‚
1086 272 1234 321 quando
1262 272 1356 309 fetus
1383 284 1482 310 nunc
1499 271 1649 320 plenum
1674 273 1779 313 suum
1798 281 1853 312 in..

296 336 526 367 crementum
553 330 709 377 adtigit,
743 342 863 378 neque
884 330 960 377 pari
982 328 1151 367 facilitate
1171 341 1190 366 a
1214 329 1349 366 viribus
1371 328 1423 366 sui
1443 327 1563 365 cordis
1585 340 1629 365 eo
1651 330 1689 365 in
1712 331 1778 369 sstu
1798 331 1854 369 ul-

297 387 407 423 terius
430 385 548 433 potest
575 386 733 423 extendi.
795 386 854 422 Sic
887 385 1066 432 sanguinis
1096 386 1164 422 iter
1193 386 1236 422 ab
1257 392 1361 422 utero
1385 386 1423 421 in
1445 384 1648 433 placentam
1674 385 1854 425 difficilius

298 441 401 479 reddi
419 439 461 486 h)
477 468 487 484 ,
520 442 622 490 quod
647 443 684 478 in
711 441 922 478 molliorem
943 441 1059 478 fetum
1079 454 1144 490 per
1164 443 1255 478 vires
1276 441 1508 478 derivationis
1526 440 1694 479 haetenus
1716 443 1855 481 facilius

300 499 426 535 fuerat.
486 496 539 534 lta
563 526 573 539 ,
607 504 648 535 ut
679 498 717 534 in
747 498 823 535 aliis
860 498 997 534 itineris
1028 497 1209 546 sanguinis
1238 497 1535 546 imp'edimentiS,
1578 497 1788 546 sanguinem
1817 500 1855 537 in

300 555 438 591 intimis
468 554 686 591 membranis
718 555 812 592 uteri
835 555 998 603 congeri.
1059 553 1208 591 Pondus
1236 555 1344 591 etiam
1375 554 1468 591 fetus
1495 556 1620 591 cernui
1643 567 1661 592 a
1690 555 1856 604 placenta

301 608 454 659 suspensi
495 610 588 648 hanc
624 610 811 649 detrahere
837 609 871 653 c)
896 638 906 653 ,
940 611 989 647 ita
1010 611 1103 648 uteri
1129 611 1377 648 membranam
1405 609 1595 648 sollicitare
1615 639 1626 654 ,
1662 612 1698 649 &
1722 624 1855 650 nervos

302 668 346 704 ad
371 666 618 704 convulsionis
640 668 742 704 initia
764 667 911 704 irritare.

415 745 514 785 Huic
540 754 780 796 argumento,
814 760 900 785 cum
923 760 942 784 a
966 747 1320 785 DRELINcourvrro
1342 747 1520 785 refutetur
1538 746 1577 791 d)
1592 777 1601 791 ,
1635 747 1772 786 auxilio
1793 749 1853 792 est,

304 803 406 854 quod
423 805 577 842 omnino
598 803 881 854 frequentissime
899 804 1016 841 chorii
1030 805 1167 842 lacinia:
1184 806 1220 841 in
1236 812 1340 841 utero
1356 816 1541 853 puerperae
1552 804 1802 853 relinquantur
1811 805 1854 849 e).

305 860 376 898 Sed
401 862 537 909 paritur
559 861 723 910 placenta
748 862 784 898 in
810 869 913 899 utero
938 860 1071 906 reside;
1104 862 1139 897 ἃ
1155 862 1320 897 animalia
1332 862 1495 910 pariunt,
1520 862 1652 910 quibus
1673 861 1771 899 nulla
1783 862 1859 910 pla-

305 923 409 954 centa
425 916 483 954 est.

844 977 876 1018 §-
910 971 991 1010 Vll.
1057 971 1170 1020 Cansae
1190 979 1327 1020 partus.

420 1062 664 1102 Incommoda
690 1065 786 1101 varia
807 1063 989 1105 diximus,
1023 1075 1102 1112 quae
1133 1071 1286 1101 matrem
1315 1063 1359 1100 ad
1388 1071 1533 1113 partum
1556 1064 1748 1101 stimulent.
1810 1065 1860 1104 Ea

309 1119 420 1158 credo
446 1128 590 1169 partum
616 1121 756 1163 facere,
790 1120 937 1169 quando
963 1131 1061 1156 nunc
1091 1127 1189 1157 tanta
1218 1120 1321 1163 i'unt,
1355 1127 1395 1157 ut
1425 1126 1531 1157 matri
1552 1121 1740 1157 videantur
1763 1120 1861 1161 into-

308 1176 476 1214 lerabilia.
519 1175 734 1214 Voluntaria
753 1175 790 1220 a)
815 1178 913 1214 enim
935 1177 1089 1213 omnino
1114 1177 1162 1213 est
1185 1177 1277 1214 aelio
1297 1205 1306 1219 ,
1339 1178 1471 1225 pariter
1491 1185 1532 1214 ut
1557 1177 1626 1214 alvi
1652 1182 1861 1226 evacuati03

311 1232 373 1270 etsi
398 1232 564 1270 voluntas
588 1245 607 1269 a
632 1233 762 1270 dolore
782 1244 877 1281 aegre
893 1231 1066 1269 refistibili
1085 1234 1240 1281 cogitur.
1303 1232 1400 1270 Hinc
1430 1240 1603 1270 matronae
1626 1234 1714 1281 saepe
1734 1234 1772 1269 in
1798 1249 1861 1284 pe-

310 1289 468 1327 ticulum
494 1289 662 1326 incidunt
678 1317 688 1332 ,
721 1301 801 1339 quae
829 1290 879 1327 ob
907 1289 1175 1327 intolerantiam
1199 1288 1338 1326 doloris
1353 1318 1365 1332 ,
1396 1296 1459 1326 aut
1477 1291 1626 1326 nimiam
1646 1289 1862 1330 adstantium

311 1345 606 1387 sollicitudinem,
620 1345 761 1384 labores
779 1345 823 1383 ad
850 1353 994 1394 partum
1020 1352 1102 1383 ante
1126 1344 1369 1383 neceffitatem
1396 1345 1607 1384 ordiuntur:
1639 1358 1725 1383 cum
1743 1347 1861 1386 infeli.

313 1403 402 1439 citer
425 1413 471 1438 ex
495 1401 721 1438 clandestinis
747 1402 934 1439 amoribus
960 1408 1185 1450 praegnantes
1208 1401 1335 1450 puellae
1350 1401 1387 1446 h)
1402 1410 1546 1451 partum
1562 1403 1780 1451 plerumque
1799 1404 1862 1442 diu

314 1464 516 1499 morentur,
536 1469 612 1494 non
635 1457 882 1495 auscultaturae
897 1456 961 1494 uifi
982 1456 1183 1496 necessitati.
1221 1458 1322 1503 Quas
1341 1465 1437 1495 certe
1451 1460 1549 1502 novi,
1566 1471 1651 1496 cum
1667 1458 1863 1504 vehemen-

313 1521 367 1551 tes
385 1514 458 1561 jam
473 1513 619 1552 dolores
640 1515 875 1562 ingruerent,
894 1514 1049 1562 pedibus
1068 1515 1112 1551 ad
1137 1514 1367 1551 obstetricem
1385 1514 1452 1551 suis
1474 1514 1633 1563 erepsisse
1647 1544 1656 1557 ,
1691 1515 1726 1550 δι
1752 1517 1862 1565 paulo

316 1571 407 1619 post,
429 1569 519 1607 hora
530 1569 627 1606 forte
639 1569 833 1617 interjetia‚
848 1570 996 1607 demum
1012 1569 1199 1619 repetiiffe‚
1212 1577 1350 1607 teneras
1367 1571 1583 1620 nobilesque
1598 1571 1742 1620 puellas.
1760 1573 1864 1610 Nihil

317 1634 436 1664 autem
452 1625 554 1663 causa
573 1628 742 1675 proxima
757 1633 879 1674 partus
901 1638 919 1662 a
940 1627 1102 1664 tenesmo
1116 1625 1235 1662 differt
1251 1655 1260 1668 ,
1276 1639 1360 1663 cum
1387 1640 1463 1677 quo
1489 1640 1593 1664 novae
1619 1630 1655 1664 in
1680 1627 1734 1664 his
1760 1630 1863 1667 malis

316 1684 459 1720 feminae
485 1681 568 1721 suos
593 1682 741 1719 dolores
765 1681 1006 1720 confundunt.
1040 1682 1177 1732 Capitis
1198 1683 1291 1720 adeo
1315 1683 1408 1721 fetus
1435 1684 1704 1721 intolerabilem
1733 1686 1864 1724 nixum

316 1741 355 1783 in
378 1740 557 1776 cervicem
576 1767 585 1781 ‚
619 1741 730 1788 inque
755 1746 871 1787 partes
893 1738 1029 1776 sensiles
1058 1739 1155 1789 pelvi
1180 1747 1389 1782 contentas,
1422 1752 1494 1789 pro
1520 1748 1616 1778 certa
1635 1740 1734 1778 causa
1756 1743 1865 1780 moli-

292 1790 459 1834 ⁷mi11um
486 1794 604 1832 habeo
621 1823 631 1837 ‚
664 1807 728 1843 per
752 1806 831 1843 quae
859 1802 971 1832 mater
997 1804 1140 1844 partum
1167 1797 1323 1833 enititur.
1385 1796 1538 1846 Reliqua
1555 1825 1565 1840 ‚
1598 1810 1677 1847 quae
1695 1798 1789 1840 dixi,
1810 1801 1866 1836 in-

318 1850 516 1890 commoda
541 1851 713 1900 paulatim
738 1851 782 1887 ad
807 1850 898 1887 hanc
923 1852 1031 1900 ipsam
1058 1852 1325 1889 intolerantiam
1349 1852 1487 1890 doloris
1509 1861 1652 1891 uterum
1667 1883 1677 1896 ‚
1700 1854 1862 1898 vesicam,

320 1910 356 1946 &
382 1896 593 1945 intestinum
612 1908 750 1946 retium
770 1918 980 1956 praeparant.
1039 1908 1137 1947 Hinc
1155 1920 1230 1958 quo
1247 1908 1403 1946 sensilior
1429 1910 1583 1952 femina,
1604 1921 1649 1947 eo
1665 1902 1867 1960 praecocior

1743 1976 1866 2017 partus

358 2051 391 2088 a)
414 2053 487 2089 Ergo
496 2050 598 2089 avufis
609 2053 645 2081 ab
659 2058 740 2081 utero
753 2060 872 2083 marma
884 2054 1017 2090 placenta
1025 2053 1163 2081 radiculis·
1175 2059 1277 2090 partus
1292 2055 1435 2082 naturalis
1452 2053 1777 2090 neceffi'tarRArmouo.
1793 2054 1868 2084 Paris

324 2098 407 2128 1701.
431 2091 496 2120 Vasa
513 2091 650 2128 placentae
668 2094 704 2121 de
717 2103 798 2124 utero
815 2094 957 2123 decedere
971 2115 979 2127 ,
1006 2102 1068 2122 earm
1092 2102 1169 2122 nunc
1185 2092 1313 2122 contrahi
1328 2115 1336 2127 ,
1361 2096 1386 2122 ek
1403 2104 1513 2130 parrum
1528 2095 1665 2123 continuo
1681 2093 1756 2132 sequi
1768 2095 1866 2126 Lourn

319 2134 366 2163 des
382 2133 556 2162 accnuchem,
574 2132 680 2170 taralis:
694 2143 721 2170 p.
738 2139 779 2166 56v
806 2134 862 2164 Sed
877 2133 980 2170 absque
1000 2132 1101 2162 dolore
1114 2133 1244 2169 placenta
1257 2133 1364 2163 secedit
1376 2134 1436 2164 Pov
1448 2145 1528 2163 rem)
1542 2145 1568 2171 p.
1585 2143 1652 2168 402·

360 2173 391 2208 h)
415 2172 512 2201 Partus
534 2183 550 2202 a
571 2172 639 2202 vafis
655 2173 795 2209 placenta:
812 2174 896 2203 nimis
912 2174 1033 2211 turgidis
1052 2183 1130 2202 nunc
1147 2174 1344 2203 secedentibus
1358 2174 1498 2204 namma
1513 2177 1593 2205 hum.
1608 2185 1634 2212 p.
1649 2184 1698 2213 79„

363 2216 391 2250 e)
412 2212 540 2242 Hmvur
559 2223 585 2250 p.
600 2221 666 2248 24¹·
692 2215 891 2244 Rocuaurxr.
906 2213 963 2244 obi]
982 2214 1025 2244 Vl.
1040 2223 1068 2252 p.
1085 2224 1132 2250 94.

364 2254 396 2287 (i)
420 2254 545 2289 Perioct'q.
568 2263 613 2288 55.
632 2262 676 2291 57.

366 2293 390 2325 e)
414 2293 498 2321 Conf.
513 2303 539 2330 p.
555 2303 621 2328 405.

366 2333 396 2367 a)
418 2334 559 2362 Sroacu.
573 2333 606 2362 T.
621 2333 650 2362 V.
665 2344 719 2363 car.
735 2343 782 2367 40.

365 2371 397 2408 b)
419 2371 502 2401 Conf.
523 2373 647 2402 Hiiaviu
667 2383 693 2410 p.
712 2378 778 2404 26⁶.
812 2375 951 2404 Sroncn.
977 2374 1208 2404 Weilm·kra.·ekl>.
1228 2378 1258 2406 V.
1277 2385 1303 2413 p.
1324 2384 1388 2413 352.
1414 2376 1447 2406 sn
1460 2376 1552 2406 medlo
1569 2375 1650 2415 sylva*
1665 2376 1815 2408 solitudine
1827 2377 1869 2407 fe-

324 2411 364 2442 lix
380 2419 475 2450 partus
495 2415 694 2444 Trunkculyrzr,
711 2416 830 2454 ηιέχβιοηὮ
843 2418 950 2445 contin.
968 2419 1015 2452 9⁶·
1033 2424 1060 2452 p.
1081 2422 1167 2452 1253.
