1955 2732
406 91 668 133 πατζιγ.
728 62 1274 134 vrrAFETUs.
1540 102 1621 144 287

67 202 210 250 glorem
237 200 324 238 fieri.
384 198 439 238 Ita
466 212 512 238 ex
535 202 608 238 vivi
630 201 664 246 e)
689 202 851 240 animalis
872 202 1185 252 contemplatione
1210 200 1385 250 adparet,
1420 202 1456 239 δε
1481 203 1518 240 in
1543 203 1624 241 vul-

67 259 211 295 neribus
219 255 251 306 f
244 256 266 306 )
291 256 435 294 homini
456 256 597 295 inflictis
611 285 621 300 ,
655 259 690 295 ἀ
709 260 748 295 in
767 260 924 301 arteriis,
949 271 1036 308 quas
1052 270 1179 295 manus
1200 257 1361 295 incisoris
1383 259 1497 307 replet
1508 259 1563 306 g).

178 337 391 376 Evidentius
415 339 545 377 arteria-
564 340 691 378 conica
711 338 750 382 h)
776 340 983 377 extenditur
997 368 1009 382 ‚
1029 341 1066 376 in
1083 340 1185 386 cujus
1202 346 1342 387 partem
1361 339 1620 387 angustiorem,

66 400 252 443 tamquam
274 396 313 431 in
340 395 511 437 obicem,
540 394 683 444 sanguis
707 397 889 442 incurrit3
921 396 960 433 fit
991 404 1113 434 tamen
1147 396 1254 432 etiam
1282 397 1319 432 in
1353 397 1480 433 arteria
1509 396 1623 444 cylin-

67 450 163 488 drica
178 452 228 493 i),
254 452 289 487 δι
319 450 359 487 fit
385 451 564 500 imprimis
589 452 787 500 insignius,
822 452 843 488 i}
867 453 994 489 arteria
1020 463 1112 489 caeca
1135 452 1269 492 fuerit,
1302 459 1364 489 aut
1392 452 1540 489 vinculo
1567 454 1623 489 in-

66 512 229 555 tercepta
246 505 299 554 k).
356 505 410 543 Ita
435 519 502 545 cor
533 508 714 557 repletum
741 520 815 546 una
840 509 876 545 Sc
902 508 1008 546 latius
1041 507 1107 550 fit,
1140 508 1176 544 &
1208 507 1380 556 longius,
1412 509 1515 556 cujus
1545 520 1624 546 ver-

67 568 130 600 tex
159 574 274 600 caecus
299 561 350 600 fit.

179 642 270 689 Quo
297 645 414 693 magis
443 656 532 693 ergo
563 651 748 682 extremus
779 644 859 682 finis
891 645 1027 682 arteriae
1058 643 1249 682 resistentia
1285 645 1418 694 reperit
1452 643 1522 682 offa
1545 674 1553 687 ‚
1586 657 1621 683 a-

63 699 195 737 liamve
222 701 406 739 materiem
443 702 603 739 coariani
620 729 629 744 ‚
663 713 739 750 quo
769 703 888 750 magis
917 701 1042 739 eadem
1067 700 1159 738 fiexa
1182 702 1274 743 erit,
1310 709 1372 738 aut
1397 700 1619 750 compressa,

65 767 112 793 eo
133 755 334 794 evidentius
357 759 395 793 in
415 757 687 806 longitudinem
704 758 938 806 producetur.
972 758 1021 795 Ea
1044 759 1142 794 enim
1164 758 1290 794 omnia
1308 757 1491 795 obstacula
1514 757 1622 795 redu-

65 819 199 850 cuntur
223 812 268 850 ad
293 815 461 851 arteriam
485 815 643 863 majori,
676 816 858 852 minorive
882 822 983 863 parte
1008 825 1149 851 caecam.

175 894 314 931 Arteria
342 907 436 943 ergo*
462 894 613 945 simplex
633 924 643 938 ‚
677 896 713 932 ἃ
749 897 789 932 in
819 894 890 933 fine
915 895 979 933 suo
1005 895 1117 933 libera
1141 923 1151 938 ‚
1193 894 1419 944 producetur
1443 922 1454 937 ,
1486 893 1621 944 fietque

63 949 212 998 iongior
229 978 240 993 ,
272 950 468 1001 secumque
489 952 671 1001 producet
692 964 748 989 eas
773 964 902 989 omnes
924 959 1042 1001 partes
1058 980 1067 994 ,
1101 964 1181 1001 quae
1197 963 1282 989 cum
1300 952 1427 988 arteria
1445 962 1621 988 connexae

63 1006 146 1044 sunt
162 1033 172 1048 ‚
204 1005 412 1044 cellulosam
438 1008 546 1045 telam
567 1036 576 1050 ‚
610 1007 794 1046 musculos
810 1036 821 1051 ‚
854 1007 927 1046 offa
951 1008 1024 1057 ipsa
1039 1036 1050 1051 ,
1081 1015 1280 1057 totumque
1304 1015 1434 1045 artum.
1482 1006 1621 1045 Recur-

62 1070 118 1100 ret
144 1062 296 1113 quidem
324 1064 363 1100 in
388 1066 558 1113 proxima
580 1063 640 1102 sua
665 1064 823 1102 diastole.

176 1142 274 1181 Cum
298 1151 421 1182 tamen
445 1157 625 1194 ponamus
655 1145 885 1183 resistentiam
916 1144 1076 1194 impulsu
1104 1145 1289 1182 minorem
1312 1143 1380 1181 effe
1399 1172 1409 1187 ‚
1447 1143 1528 1193 plus
1558 1155 1620 1180 ex-

61 1199 231 1237 tendetur
252 1202 379 1236 arteria
399 1229 408 1243 ,
442 1213 551 1250 quam
568 1202 831 1245 contrahetur,
858 1201 991 1251 fietque
1013 1202 1170 1251 longior.
1206 1201 1263 1238 Eo·
1275 1200 1391 1238 modo
1413 1201 1448 1236 δι
1466 1199 1620 1248 simplici

60 1255 292 1306 protrufione
320 1257 443 1294 credas
470 1270 598 1295 omnes
625 1258 732 1296 villos
759 1259 965 1296 exhalantes
992 1257 1245 1307 flocculosque
1265 1257 1453 1294 arteriosos
1474 1259 1512 1293 in
1530 1256 1621 1292 libe-

60 1324 139 1348 ram
163 1314 327 1361 corporis
352 1313 512 1363 aliquam⁴
530 1327 676 1353 caveam
698 1315 865 1364 produci,
882 1323 960 1353 tum
981 1314 1075 1363 pilos
1092 1343 1101 1357 ‚
1134 1316 1171 1351 in
1187 1315 1318 1363 quibus
1341 1314 1512 1350 omnibus
1540 1311 1620 1348 finis

60 1369 213 1406 conicus
241 1369 378 1407 nullam
404 1370 622 1420 preffionem
647 1373 808 1421 patitur,
853 1372 889 1408 δι
916 1371 1009 1408 nihil
1039 1371 1149 1408 habet
1181 1370 1246 1407 sibi
1283 1371 1483 1412 continui,
1517 1367 1620 1418 quod

60 1424 248 1474 impellere
274 1424 413 1464 necesse
444 1427 486 1465 fit
505 1456 515 1470 ,
548 1436 591 1465 ut
619 1428 735 1477 ipsum
765 1428 1012 1478 protrudatur.

175 1505 373 1545 Celerrima
390 1510 498 1546 etiam
519 1508 655 1547 horum
679 1511 905 1549 incrementa
921 1508 1003 1546 sunt
1019 1536 1029 1551 ,
1057 1507 1220 1558 pilorum
1237 1535 1247 1551 ‚
1281 1507 1497 1557 capillorum
1517 1533 1526 1549 ,
1551 1517 1620 1543 un-

60 1572 199 1611 guium„

173 1643 362 1695 Nusquam
385 1645 423 1684 id
444 1646 494 1683 est
512 1645 736 1689 evidentius,
762 1657 872 1696 quam
897 1645 935 1682 in
956 1644 1044 1682 vafis
1072 1645 1291 1682 membranae
1311 1642 1518 1686 vasculosae,
1538 1655 1618 1692 quae

59 1700 239 1750 posterior
266 1706 383 1740 oritur
403 1730 413 1745 ,
445 1715 555 1752 quam
581 1703 697 1740 vitelli
714 1703 949 1740 involucrum
969 1729 978 1744 ‚
1012 1703 1049 1738 &
1072 1712 1151 1751 quae
1174 1699 1300 1737 eadem
1327 1712 1396 1749 pro
1423 1698 1618 1737 allantoide

60 1756 183 1794 habita·
201 1758 258 1795 est.
319 1758 438 1807 Hujus
466 1760 684 1796 membranae
710 1760 846 1796 arteriae
870 1765 947 1795 rete
974 1758 1111 1796 faciunt
1136 1756 1307 1807 haetenus
1329 1768 1467 1794 caecum
1488 1784 1499 1798 ,
1530 1767 1621 1793 cum

59 1811 202 1851 saccum
232 1814 339 1853 ficiat
360 1844 371 1859 ,
403 1817 506 1863 cujus
535 1814 615 1853 finis
644 1816 733 1853 liber
760 1827 874 1853 caecus
896 1813 947 1851 fit.

170 1893 269 1945 Ergo
294 1908 373 1934 eam
393 1897 640 1934 membranam
667 1897 758 1935 hora
783 1907 869 1943 142.
891 1895 1043 1943 longam
1066 1894 1184 1943 reperi
1200 1892 1232 1936 l)
1257 1900 1375 1941 partes
1405 1891 1615 1931 centefimaa

58 1949 203 1999 pollicis
224 1959 291 1991 26.
309 1953 403 1992 hora
426 1961 513 1991 166.
535 1954 608 2002 Jam
632 1962 751 2004 partes
773 1952 951 2001 ejusmodi
971 1957 1031 1989 66.
1050 1950 1140 1988 hora
1165 1961 1252 1994 190¹·
1276 1949 1320 1987 ad
1345 1961 1432 1996 150.
1487 1949 1615 2013 It'flque

1523 2013 1616 2042 intra

90 2084 128 2120 ι)
154 2086 316 2124 Oper..min.
331 2096 359 2125 p.
374 2095 421 2125 73.
435 2096 465 2118 n.
478 2090 524 2124 4⁶·
535 2096 582 2125 47.
598 2097 625 2126 p.
642 2097 689 2125 74.
709 2097 737 2117 n.
755 2090 800 2121 56.
1492 2125 1498 2131 .

95 2124 135 2164 f)
158 2126 192 2156 G.
221 2136 248 2156 v.
273 2127 427 2158 Swu‘rn«
449 2127 486 2159 Τ.
511 2128 532 2158 1.
557 2137 586 2166 p.
612 2138 676 2167 3⁴09,
701 2128 738 2160 T.
755 2128 789 2159 H.
807 2138 836 2167 p.
850 2129 896 2164 76.
922 2125 1121 2156 Bonnmvn
1135 2132 1219 2161 prax,
1238 2125 1310 2155 med.
1335 2124 1518 2162 U7traj.ed1t.
1539 2121 1572 2152 T.
1589 2121 1610 2152 L

82 2178 88 2195 ;
124 2175 171 2202 40.
212 2177 223 2196 1
252 2190 256 2195 .

59 2173 81 2205 v
97 2174 131 2245 ἒ.)
152 2176 309 2239 Ροτηὲειω
329 2209 470 2248 ηιέίιιηςςε
483 2218 512 2247 p.
528 2218 594 2247 ³33¹·

99 2247 134 2283 h)
155 2246 185 2277 L.
205 2247 251 2278 Vl'.
267 2258 296 2287 p.
313 2257 380 2286 230,

98 2288 130 2323 ἑ)
151 2287 222 2319 ibid.

99 2327 132 2363 k)
158 2330 238 2365 Oper.
255 2328 357 2359 miml.
378 2338 401 2359 c,
420 2338 448 2360 n.
466 2334 512 2365 48.
531 2337 574 2368 57.
598 2339 626 2360 n.
646 2334 712 2367 3⁴85·
733 2331 786 2361 ἃς,

109 2367 135 2404 I)
156 2367 190 2398 In
213 2369 413 2407 nuperioribus
439 2370 682 2401 adnotationibus.
