1955 2732
321 119 411 160 3.24;-
797 105 892 146 LIB.
924 105 1073 146 XXIX.
1133 105 1162 145 F
1190 104 1220 145 E
1250 106 1284 146 T
1313 106 1349 146 U
1379 105 1414 146 S.

618 215 652 260 §-
684 210 835 252 XXVI.
897 213 1025 252 Saccus
1054 212 1159 263 offl’us
1189 212 1300 262 craffis
1318 214 1367 264 fit
1390 213 1590 264 particulis.

436 302 637 354 Operosius
657 303 754 341 forte
780 304 825 342 de
844 303 918 342 hoc
939 303 1048 342 succo
1070 305 1152 353 egi,
1185 316 1297 355 quem
1314 318 1426 344 nemo
1443 305 1546 344 valde
1570 306 1709 345 recuset
1732 319 1778 345 ex
1795 308 1880 357 glu-

323 361 399 399 tine
422 359 526 403 fieri,
559 361 598 397 in
622 371 698 410 quo
722 360 908 408 particulae
928 360 1086 398 calcariae
1111 362 1305 399 abundant.
1367 363 1431 401 Ob
1454 362 1557 400 litem
1584 369 1706 400 tamen
1725 391 1736 406 ,
1770 377 1880 414 quam

327 428 552 467 componere
574 417 725 454 tentabo
743 443 753 458 ‚
786 415 925 455 necesse
946 416 1016 454 fuit
1040 417 1228 455 ostendere
1245 446 1255 459 ,
1289 418 1326 454 &
1349 418 1527 466 ejusmodi
1551 419 1699 456 succum
1725 431 1771 456 ex
1799 419 1881 458 offi-

328 473 397 511 bus
422 473 528 511 educi
546 500 556 515 ‚
591 473 626 509 &
644 474 682 509 in
705 471 913 511 vulneribus
924 473 1095 522 adparere
1111 502 1122 517 ,
1157 474 1194 510 δε
1214 473 1294 511 offis
1317 482 1483 513 naturam
1502 473 1662 512 amissam
1681 475 1725 512 ab
1742 488 1787 514 eo
1803 476 1882 515 suc-

330 541 376 567 co
395 529 559 578 reparari.
589 527 682 566 Sunt
699 536 823 566 tamen
840 529 959 568 adhuc
982 530 1100 579 aliqua
1113 558 1123 573 ,
1156 541 1237 579 quae
1260 532 1481 580 praemittere
1500 529 1639 569 necesse
1662 530 1712 569 fit.

439 608 556 647 Tanta
591 609 641 647 est
665 610 924 659 particularum
957 617 1156 648 terrearum
1183 612 1222 648 in
1247 610 1321 649 hoc
1354 611 1462 650 succo
1490 611 1536 650 ad
1562 610 1634 650 ossa
1655 612 1882 651 venientium

330 664 496 704 craffities
510 694 520 708 ‚
542 672 584 703 ut
606 678 671 715 per
695 678 773 704 non
798 667 865 704 alia
888 666 966 705 vasa
988 667 1139 704 transeat
1155 695 1167 709 ,
1201 666 1266 704 nifi
1285 679 1350 716 per
1371 668 1481 706 rubra
1497 667 1535 712 a)
1558 696 1568 712 ‚
1602 669 1639 705 &
1662 680 1702 706 ea
1726 670 1775 706 ita
1793 668 1882 706 dila-

330 728 401 760 tata
418 750 428 765 ,
460 729 503 760 ut
530 722 742 771 sanguinem
768 724 921 761 rubrum
950 723 1190 773 conspicuum
1217 723 1357 761 vehant.
1421 723 1555 774 Neque
1576 725 1674 762 enim
1690 752 1701 767 ,
1729 731 1771 762 ut
1797 724 1882 763 alias

329 777 511 817 ostensum
533 778 584 816 est
598 807 608 822 ‚
642 779 748 817 rubet
769 780 896 817 arteria
909 808 919 823 ,
952 792 1063 830 quarn
1086 781 1193 818 unica
1212 779 1453 829 globulorum
1472 780 1577 818 series
1601 779 1748 830 perfluit
1761 779 1808 825 h).

295 901 297 904 ¹
441 859 561 897 Mirus
592 858 652 896 hic
680 860 730 897 est
756 859 946 899 consensus
973 873 1105 898 eorum
1126 889 1137 902 ,
1169 873 1249 910 quae
1278 862 1317 898 in
1346 860 1449 909 pullo
1473 861 1647 899 incubato
1681 860 1879 910 adparent,
1943 864 1945 867 ’

330 915 368 952 ἃ,
395 927 475 964 quae
499 916 536 951 in
558 914 649 952 callo
670 943 679 958 ,
713 915 759 953 de
783 916 895 955 fratto
916 916 989 954 offe
1012 916 1155 972 effusqr,
1190 918 1226 953 ὃς
1249 918 1287 953 in
1309 916 1438 961 ossium
1463 919 1629 967 corporis
1657 917 1807 954 humani
1827 919 1885 966 ip--

329 971 397 1008 sius
420 971 652 1010 induratione
668 973 868 1015 eveniunt,
901 972 1048 1022 quando
1080 984 1126 1009 ex
1155 973 1384 1020 cartilaginea
1421 981 1546 1011 natura
1576 974 1612 1010 in
1630 971 1762 1010 offeam
1786 981 1883 1010 tran-

330 1027 463 1074 seunt3
508 1027 545 1063 δε
585 1039 664 1076 quae
703 1028 862 1077 denique
891 1041 977 1066 cum
1005 1029 1179 1066 alimento
1205 1028 1386 1078 sanguinis
1419 1029 1574 1068 habente
1605 1029 1770 1067 colorem
1800 1041 1884 1067 eve-

329 1086 436 1126 niunt
461 1112 472 1127 ‚
503 1082 653 1133 quando
679 1084 893 1122 animalibus
918 1086 1145 1134 propinatur.
1391 1099 1396 1104 ·

443 1164 608 1202 Primum
635 1165 674 1201 in
699 1163 832 1203 ossibus
853 1165 975 1214 longis
995 1165 1110 1216 pulli,
1142 1167 1206 1215 qui
1229 1177 1305 1203 ovo
1334 1166 1545 1203 continetur
1567 1194 1576 1208 ,
1608 1171 1806 1215 perpetuus
1832 1163 1884 1202 est

330 1232 444 1260 nexus
469 1222 563 1259 inter
588 1220 809 1271 pellucidam
835 1228 1001 1262 naturam
1037 1223 1074 1259 &
1106 1221 1264 1260 flexilem
1284 1234 1296 1268 3
1332 1221 1464 1260 deinde
1490 1223 1584 1260 inter
1615 1222 1815 1260 coloratam
1843 1220 1882 1257 δε

331 1279 527 1317 duriorem.

446 1359 635 1405 Quamdiu
654 1366 778 1398 totum
792 1372 834 1397 os
851 1360 1010 1410 pellucet
1026 1358 1059 1405 c)
1076 1388 1086 1404 ‚
1117 1366 1241 1398 totum
1261 1359 1368 1397 etiam
1389 1358 1510 1397 flexile
1537 1358 1587 1396 est
1601 1385 1611 1400 ,
1643 1357 1734 1396 adeo
1755 1355 1881 1399 molle²

331 1424 374 1455 ut
395 1416 503 1465 poffis
532 1428 578 1453 ex
601 1417 689 1453 tibia
711 1416 929 1466 complicata
952 1417 1102 1455 anulum
1124 1416 1270 1465 fingere.
1303 1415 1420 1454 Simul
1439 1415 1538 1454 nulla
1558 1414 1704 1464 adparet
1723 1414 1884 1463 partium

334 1472 512 1510 distinctio
531 1500 542 1514 ‚
575 1471 663 1509 fibra
687 1472 784 1510 nulla
807 1472 856 1517 cl).

447 1552 733 1602 Quamprimum
753 1555 914 1602 opacitas
928 1552 961 1597 e)
979 1553 1098 1603 aliqua
1113 1554 1150 1590 in
1169 1564 1211 1590 os
1225 1553 1261 1590 se
1283 1550 1474 1590 insinuavit
1492 1579 1502 1594 ‚
1525 1551 1633 1588 etlam
1648 1549 1779 1589 elastici
1794 1546 1895 1598 quidz

334 1611 372 1646 in
395 1608 468 1648 osse
491 1609 562 1651 est,
596 1609 697 1658 quod
724 1608 875 1647 flexioni
895 1609 1040 1651 resistit,
1072 1609 1179 1659 seque
1205 1609 1351 1647 sustinet
1371 1604 1428 1657 f).
1463 1607 1546 1645 Una
1574 1607 1692 1656 aliqua
1711 1605 1885 1643 fibrarum

339 1665 465 1704 adsunt
480 1664 737 1703 inchoamenta
747 1665 802 1713 g).

446 1747 562 1784 Porro
593 1758 678 1785 cum
704 1747 829 1784 colore
849 1758 973 1794 rugae,
1005 1757 1085 1795 quae
1106 1745 1278 1783 fibrarum
1308 1745 1388 1782 sunt
1407 1744 1529 1786 initia,
1559 1742 1662 1793 supra
1685 1748 1807 1780 totum
1840 1751 1886 1778 os

333 1805 367 1842 se
398 1803 609 1842 diffundunt
628 1831 638 1845 ‚
671 1804 707 1839 ὃς
740 1803 844 1852 super
872 1802 1118 1850 cartilaginem
1132 1801 1181 1846 h).
1235 1800 1281 1839 Et
1311 1801 1370 1838 die
1401 1800 1546 1838 decimo
1575 1801 1633 1846 i),
1665 1798 1770 1836 color
1801 1794 1883 1834 offis

333 1860 444 1898 flavus
474 1860 632 1898 intensus
653 1859 724 1902 est,
757 1859 869 1909 qualis
894 1859 933 1895 in
959 1858 1129 1907 sanguine
1149 1858 1242 1895 fetus
1263 1858 1361 1907 prius
1383 1856 1432 1894 est
1449 1884 1460 1900 ,
1494 1866 1604 1906 quam
1633 1854 1731 1892 idem
1757 1852 1883 1944 pigriuts

1742 1919 1785 1946 ru
1813 1917 1854 1945 ea
1871 1934 1895 1944 ,Α

376 1996 409 2029 a)
430 1996 526 2024 Form.
540 1994 587 2023 des·
597 2002 635 2023 os.

373 2036 404 2063 hl
428 2034 510 2063 1211.
525 2044 551 2071 p.
574 2043 638 2068 115.

375 2076 403 2108 c)
426 2073 987 2109 Obs-102«324-5·6·8·9-¹0·13-¹820,-

375 2116 409 2151 ά)
431 2113 496 2144 Obs.
518 2124 540 2143 Ι.
566 2124 591 2149 ς.

375 2159 402 2189 e)
425 2154 531 2191 Ob‹17.
547 2153 615 2183 hora
630 2155 692 2186 136.
708 2152 764 2182 obs.
787 2163 828 2189 ις.
846 2152 915 2182 hora
930 2162 993 2190 ¹94·
1008 2150 1064 2182 obs.
1082 2160 1125 2190 17.
1141 2151 1211 2182 hora
1228 2154 1291 2188 196.
1306 2150 1364 2181 obs.
1383 2160 1425 2188 ¹9·
1442 2148 1512 2179 hora
1525 2157 1596 2184 214·

370 2194 408 2232 f)
431 2194 498 2223 Ubs.
519 2203 564 2230 23.
585 2193 652 2222 bora
668 2198 734 2222 216.
753 2194 806 2222 &a
1595 2223 1602 2229 ι

373 2245 405 2273 gv
429 2235 495 2264 Obs.
512 2245 554 2265 ιι.
568 2233 637 2264 hora
651 2243 718 2271 ¹92·
741 2233 799 2264 obs.
820 2243 861 2269 15.
878 2233 948 2263 hora
963 2243 1025 2271 ¹940
1053 2232 1111 2264 obs,
1132 2241 1174 2270 ¹7·
1192 2232 1262 2262 hora
1278 2235 1342 2269 19⁶·
1373 2231 1433 2261 obs.
1451 2238 1494 2265 19.
1514 2227 1581 2258 hora
1595 2235 1660 2262 2¹4-
1696 2222 1753 2255 obs.
1767 2231 1814 2253 2¹.
1831 2231 1877 2260 23.
1916 2253 1918 2255 ,

337 2275 407 2305 hora
424 2284 438 2304 2
451 2280 491 2304 ιό.
1044 2294 1048 2296 -
1603 2279 1606 2282 ·

377 2318 410 2345 h·
434 2326 461 2359 pt
479 2325 544 2350 255.

378 2359 402 2392 i>
425 2355 495 2387 ibid.
510 2365 536 2392 p.
557 2363 622 2390 254.
