1955 2732
307 140 385 181 178
768 126 1393 176 ADDENDA.

361 229 399 269 P.
432 222 491 275 17.
534 226 585 267 -In
604 225 755 266 homine
778 225 998 270 miculam,
1032 227 1192 267 tenerius
1211 234 1334 266 tamen
1351 256 1360 271 ‚
1397 225 1556 267 admittit
1590 227 1890 273 Duvznntm

333 350 486 398 >Pingit:
514 348 738 387 Annuus
772 348 887 385 adnot.
925 345 991 384 Vl.
1023 353 1049 384 t.
1069 357 1100 391 3.
1120 345 1159 394 ⁴f.
1183 357 1218 392 4.

359 409 398 449 P.
421 415 482 452 18.
518 408 558 446 In
587 408 708 458 planta
733 407 835 456 pedis
868 405 1016 455 papillas
1051 404 1374 455 &respondentes
1402 404 1524 444 foveas
1558 405 1718 444 reticuli.
1757 409 1796 445 in
1828 420 1888 458 pa.

299 468 438 508 rallelas
457 468 567 506 lineas
587 467 770 516 dispositas
786 494 796 509 ‚
825 465 982 505 delineat
1003 466 1085 503 lm:
1100 478 1129 503 M
1150 465 1186 504 D
1202 478 1220 502 υ
1236 478 1324 503 vnn
1338 476 1396 502 un
1416 476 1436 502 v
1457 472 1480 503 t.
1503 476 1518 501 1
1533 476 1566 511 ς.
1587 466 1610 502 f.
1634 480 1668 509 9.
1687 478 1722 515 p.
1744 473 1838 509 286.
1854 468 1891 506 ἀ

300 532 340 568 in
373 528 568 578 elephanto
603 528 754 580 conicos
783 524 947 563 cucullos
976 525 1116 574 papillis
1146 524 1336 573 impositos
1366 523 1388 561 f.
1417 535 1447 561 1.
1482 524 1552 563 Sed
1585 525 1640 564 Cl.
1681 525 1740 564 Βι
1758 538 1887 564 Fron

299 589 409 627 habet
433 590 541 626 etiam
568 585 799 625 foramina›in
828 584 1074 634 epidermide,
1113 583 1368 634 respondentia
1386 585 1584 623 tuberculis
1614 587 1716 623 cutis.
1747 585 1780 623 T
1783 615 1791 623 .
1811 584 1880 625 XI.

329 678 336 686 .
368 659 455 692 105.
482 647 506 685 f.
533 656 565 693 5.

300 661 325 698 P
361 707 396 746 P.
419 719 480 751 ¹9·
516 705 617 745 Solvi
640 705 796 754 denique
818 705 854 741 in
881 715 972 753 aqua
1004 710 1123 742 totum
1147 702 1374 752 Nigritarum
1403 703 1595 741 reticulum
1625 703 1657 742 C
1667 716 1841 744 Amet-za.
1861 706 1885 744 l.

359 766 397 804 P.
415 776 480 812 24.
522 765 734 802 Calcerlaleen
750 793 759 807 ‚
794 762 933 801 incolas
954 770 1054 800 terrae
1075 761 1202 805 Hitto,
1238 762 1363 812 pallini
1392 763 1484 806 dari,
1520 764 1620 801 albos
1641 792 1651 806 ,
1685 763 1811 803 colore
1833 776 1889 804 ca-

302 825 495 867 daverum,
528 823 622 862 flavo
651 825 779 866 crine,
815 822 931 860 ocuhs
972 822 1186 865 imbecillis,
1223 828 1305 860 cute
1339 821 1503 860 scabiosa.
1540 822 1615 860 Esse
1658 825 1766 861 etiam
1795 825 1890 862 intel:

298 886 483 935 principes
520 885 596 931 ejus
622 883 782 932 regionis
819 871 941 919 morbi
958 892 1074 930 genus
1106 881 1226 929 Aigem
1271 879 1365 918 Reis.
1396 888 1419 918 t.
1456 888 1511 924 ιε.
1544 893 1579 931 p.
1605 894 1658 928 97

362 944 480 988 P.27.
519 941 665 991 Corpus
696 940 885 979 reticulate
929 941 966 977 &
997 938 1189 989 epidermis
1216 939 1280 978 sub
1315 951 1440 988 ungue
1477 940 1615 979 faciunt
1651 943 1817 990 vaginas,
1851 943 1889 981 in

299 1016 388 1055 quas
419 996 541 1051 longae
572 1000 715 1051 papillae
737 1000 892 1039 subeunt
919 1000 986 1037 Du
1006 1010 1059 1038 vn
1077 1012 1094 1036 a
1113 1011 1138 1036 n
1156 1012 1207 1037 nv
1243 1000 1267 1037 1.
1295 1011 1319 1048 p
1352 1006 1447 1043 296.

360 1062 480 1107 P.32.
531 1060 637 1099 Mete
664 1068 837 1100 cutaneos
876 1059 973 1110 pilos
1006 1060 1155 1110 reperiri
1194 1061 1234 1097 in
1270 1070 1386 1109 puero
1431 1059 1727 1099 Duvmmv.
1764 1068 1790 1099 t.
1824 1067 1887 1100 16.

299 1123 323 1161 f.
345 1135 381 1167 9.

360 1182 398 1222 P.
422 1193 484 1228 34.
519 1180 656 1219 Annon
688 1179 825 1218 cellulae
853 1177 1007 1229 adiposae
1027 1178 1108 1216 sunt
1133 1178 1240 1218 elavae
1271 1178 1339 1218 illae
1356 1206 1366 1221 ,
1401 1177 1498 1229 quafi
1528 1179 1699 1223 ramosae,
1734 1192 1781 1219 ex
1809 1182 1889 1230 qui-

301 1243 367 1280 bus
400 1242 465 1292 pili
502 1240 708 1291 prodeunt,
742 1242 780 1278 in
820 1240 929 1277 icone
976 1239 1117 1277 Duvn
1137 1252 1194 1277 nu
1215 1251 1280 1276 nv.
1317 1251 1351 1288 p.
1389 1249 1449 1283 17.
1487 1237 1510 1281 f.
1539 1244 1572 1281 8.
1609 1237 1747 1278 Bulbos
1778 1239 1888 1278 habet

301 1304 500 1340 exteriOtes
531 1307 556 1339 t.
586 1307 647 1338 16.
683 1300 707 1337 f.
754 1312 811 1336 11.
834 1310 913 1348 ,12.
953 1309 1012 1342 13·
1048 1306 1150 1343 14.t
1189 1309 1246 1345 ¹7·
1280 1298 1304 1336 f.
1335 1309 1366 1342 3.
1400 1299 1589 1349 interiores
1625 1305 1649 1336 t,
1677 1306 1738 1337 16.
1775 1299 1798 1337 f.
1823 1310 1884 1336 10.

306 1373 368 1397 12.
409 1373 469 1406 13.
503 1372 563 1404 14.
600 1360 639 1396 in
673 1359 794 1397 scroto
818 1357 949 1396 ovales.
970 1370 1005 1408 p.
1035 1364 1125 1403 306.
1150 1357 1281 1396 deinde
1299 1357 1448 1396 tubulos
1480 1357 1712 1401 vellelum-es,
1747 1358 1890 1408 crystal-

300 1419 416 1461 linos,
452 1419 583 1469 quibus
612 1418 706 1467 pilus
735 1417 942 1454 includitur.
971 1429 1006 1465 p.
1032 1423 1124 1460 306-
1153 1420 1189 1454 ὃς
1219 1430 1264 1454 ex
1293 1417 1485 1458 colliculo,
1522 1417 1567 1453 de
1587 1419 1664 1455 imo
1685 1417 1787 1455 bulbi
1808 1418 1890 1459 fun-

301 1479 371 1519 do,
402 1483 652 1526 emergentem
680 1475 808 1525 pilum.
844 1487 881 1524 p.
910 1480 986 1517 308
1040 1486 1148 1524 quem
1177 1486 1292 1523 porro
1333 1486 1513 1524 compara.
1546 1473 1663 1518 Vasa,
1696 1482 1738 1514 ut
1762 1483 1887 1526 putat,

300 1537 400 1575 addit
444 1549 478 1586 p.
506 1542 595 1579 306.
635 1535 745 1571 telam
781 1532 990 1570 cellulosam
1023 1540 1048 1569 t.
1073 1539 1133 1568 16.
1166 1533 1189 1568 f.
1224 1543 1285 1570 12.
1315 1543 1378 1576 13.
1413 1545 1474 1579 14.
1513 1540 1537 1570 t.
1567 1543 1628 1579 17.
1658 1533 1681 1570 f.
1710 1545 1740 1581 3.
1771 1535 1890 1585 pilum

300 1595 443 1634 nudum
468 1602 492 1634 t.
522 1601 581 1630 16.
609 1593 632 1630 f.
660 1604 721 1631 12.
764 1604 800 1641 p.
829 1602 919 1636 307.

361 1655 480 1693 Radix
508 1653 671 1702 oblonga
705 1651 847 1690 craffior
887 1651 950 1700 pili
978 1652 1015 1688 in
1042 1657 1123 1689 cute
1152 1649 1261 1688 haeret
1291 1648 1418 1688 Inui
1452 1663 1485 1701 p.
1515 1657 1579 1690 61.

360 1714 532 1753 Materies
564 1713 643 1750 alba
669 1710 884 1761 epidermidi
917 1712 1128 1749 continuata
1163 1711 1200 1748 ἃ,
1238 1710 1393 1748 reticulo
1429 1712 1594 1750 continet
1628 1711 1786 1753 radicem
1821 1714 1886 1763 pili

299 1776 461 1815 ALniN
498 1774 611 1810 adnot.
667 1772 732 1808 pL
759 1784 794 1821 p.
829 1778 890 1816 58.
925 1771 968 1809 In
1001 1770 1157 1809 cuticula
1185 1771 1219 1807 Sc
1254 1772 1292 1808 in
1321 1770 1475 1808 reticulo
1513 1783 1582 1820 pro
1612 1772 1690 1820 pilo
1721 1772 1886 1813 foramen

302 1835 352 1872 est
386 1834 470 1871 ibid.
505 1833 540 1869 δε
567 1831 690 1870 nullus
711 1831 805 1881 pilus
832 1843 908 1869 non
941 1829 1090 1868 inhaeret
1122 1832 1213 1868 cutis
1243 1842 1338 1879 poro
1357 1858 1366 1873 ‚
1400 1842 1520 1880 neque
1547 1843 1660 1880 porus
1682 1831 1732 1870 est
1756 1832 1887 1882 absque

299 1894 378 1944 pilo
408 1905 443 1943 p.
468 1904 530 1939 59.
565 1903 674 1941 quare
705 1893 741 1928 in
768 1890 862 1929 volis
886 1891 922 1928 &
955 1890 1087 1940 plantis
1115 1901 1235 1987 neq?
1254 1901 1367 1939 porus
1389 1890 1463 1933 est,
1498 1902 1618 1941 neque
1649 1891 1744 1941 pilus
1763 1903 1799 1941 p.
1816 1900 1883 1931 60.

302 1954 332 1993 li
368 1956 450 2003 pori
482 1963 550 2003 pro
573 1951 654 2001 pilis
681 1953 803 2000 parvi,
838 1963 907 2001 pro
939 1949 1075 1999 capillis
1094 1961 1181 1999 gran
1213 1961 1248 1987 es
1272 1949 1353 1987 sunt
1382 1956 1406 1987 t.
1433 1960 1466 1994 3.
1489 1949 1512 1987 f.
1533 1963 1568 2000 3.
1596 1951 1632 1988 &
1655 1952 1738 1999 pori
1762 1951 1884 1990 denuo

301 2013 476 2064 adparent
502 2013 525 2050 f.
551 2024 582 2052 ς.
615 2011 752 2061 pilique
790 2011 835 2048 de
863 2010 1017 2049 cuticula
1049 2009 1071 2046 f.
1095 2020 1131 2055 4.
1162 2009 1198 2046 δι
1237 2020 1268 2054 5,
1297 2009 1334 2046 &
1365 2008 1410 2046 de
1433 2010 1588 2048 reticulo
1620 2009 1770 2060 penduli
1800 2010 1823 2048 f.
1844 2021 1882 2057 4.

362 2072 401 2111 P.
425 2085 484 2119 35.
521 2071 633 2110 Multi
669 2071 733 2120 pili
756 2073 793 2108 in
828 2082 905 2109 uno
935 2070 1113 2108 foramine
1150 2075 1174 2106 t.
1205 2073 1263 2107 15.
1302 2068 1323 2105 f.
1343 2079 1378 2114 7.

362 2132 460 2171 Pilus
477 2154 478 2157 =
494 2144 538 2171 ex
566 2131 738 2181 glandula
767 2139 935 2172 cutanea‚
971 2141 1081 2180 quem
1101 2128 1222 2179 liquor
1249 2127 1416 2177 sequitur.
1448 2140 1482 2179 p.
1507 2140 1527 2168 2
1535 2140 1602 2177 94.
1624 2128 1755 2170 Multae
1777 2129 1885 2168 etiam

302 2191 482 2240 glandulae
521 2191 566 2230 ad
593 2203 709 2230 unum
739 2191 855 2239 pilum
880 2196 1008 2239 aperta:
1037 2190 1075 2226 in
1104 2190 1209 2226 bove.
1234 2188 1319 2226 ibid.

365 2252 458 2291 Pilus
485 2254 637 2302 junceus
663 2250 785 2299 longis
813 2245 880 2288 filis
909 2250 1029 2289 fadus.
1070 2260 1104 2298 p.
1145 2258 1236 2294 307.
1262 2258 1422 2299 quorum
1447 2248 1642 2301 quodlibet
1675 2258 1805 2288 cavum
1835 2246 1883 2286 est
1946 2302 1955 2308 ἡ

304 2311 389 2348 ibid.

1779 2363 1880 2418 Οᾶο
