1955 2732
229 82 234 85 ’
291 117 370 155 m
465 101 779 154 L13·.xx‘:x'.·
833 102 1010 147 vr‘rA
1048 101 1360 146 HUMANA
1399 103 1487 146 ET
1526 103 1728 148 moris,

344 205 613 253 Sznrzros,
642 202 954 244 &Pzrrssssos
974 203 1099 247 citavi,
1129 202 1558 242 &Pannonia-tros
1582 201 1724 254 possem·
1746 213 1872 244 recen-⁴

286 265 370 305 sere.
406 265 524 304 Aliam
545 264 750 314 longaevam
772 263 946 303 familiam
970 261 1081 302 habet
1102 262 1463 307 Lonossvmz,
1496 263 1602 301 aliam
1621 262 1867 308 Lenitur«,

285 333 426 376 patrem
461 338 526 370 99.
559 318 777 369 annorum}
801 323 918 362 filium
951 334 1041 370 105.
1082 324 1137 374 (c
1155 327 1184 373 ).
1243 323 1377 374 Neque
1405 324 1514 362 nobis
1540 322 1719 374 ejusmodi
1743 331 1869 374 gentes

287 384 448 425 Patriciae
479 385 616 424 desunt.

772 482 806 525 ἓ.
841 476 948 517 XX.
1005 477 1121 530 Causa
1149 477 1393 528 Iongaevitatis.

348 590 404 629 Ex
429 591 520 633 istis,
555 601 635 639 quae
666 586 837 627 haetenus
868 588 1113 628 recensuimus
1133 617 1143 632 ‚
1178 588 1343 628 conabor
1368 594 1493 627 eruere
1531 601 1588 627 eas
1615 587 1757 634 causas,
1793 601 1878 640 quae

287 650 450 694 faciunt,
486 655 527 688 ut
558 660 798 687 communem
826 647 960 687 sortem
990 649 1102 699 aliqui
1134 648 1305 687 mortales
1338 648 1400 687 diu
1432 647 1618 699 effugiant.

352 709 485 749 Earum
505 709 633 759 aliquae
651 707 733 747 sunt
752 715 853 746 extra
873 720 952 747 nos.
983 707 1115 759 Neque
1135 711 1232 747 enim
1250 708 1322 747 ulla
1343 709 1464 747 nostra
1483 720 1568 748 cura
1587 707 1713 751 faciet,
1735 720 1782 746 ne
1800 720 1875 746 ma-

291 769 398 819 lignae
423 769 566 807 variolae
586 797 595 811 ,
630 776 691 806 aut
719 767 827 818 pestis
855 775 972 807 totam
999 770 1191 818 regionem
1219 767 1416 818 adfligens,
1450 776 1512 806 aut
1539 769 1647 806 febris
1674 767 1878 818 epidemica

291 829 437 879 putrida
460 841 530 867 nos
557 828 710 866 invadat.
757 827 863 866 Nulli
890 827 966 866 haec
991 836 1146 878 parcunt
1171 829 1383 878 temperiei,
1420 828 1457 866 &
1486 820 1680 866 sa'niffimos
1707 839 1877 878 quosque

296 888 483 927 occidunt.

369 947 440 986 Sed
467 959 536 985 nec
574 958 674 985 curas
701 947 813 986 animi
841 959 991 996 graves,
1027 958 1074 985 ex
1105 945 1295 985 doloribus
1330 947 1521 998 corporis,
1557 958 1603 985 ex
1635 947 1877 997 perpetuitate

295 1007 584 1047 infortuniorum
612 1014 731 1050 natas,
763 1004 951 1056 possumus
971 1019 990 1044 a
1007 1007 1114 1045 nobis
1141 1007 1295 1045 amoliri.

354 1065 463 1107 Extra
497 1067 657 1105 nostram
690 1067 905 1116 potestatem
929 1066 1012 1104 sunt
1045 1067 1277 1104 conditiones
1306 1067 1467 1116 regionis
1496 1064 1664 1110 salubris,
1699 1065 1814 1117 qualis
1839 1067 1878 1104 in

293 1129 482 1176 juventute
502 1128 625 1176 potius
645 1126 933 1176 septentrionalis
949 1126 999 1164 est
1014 1155 1023 1171 ,
1055 1133 1115 1165 aut
1132 1128 1226 1165 circa
1249 1138 1311 1173 50.
1330 1125 1485 1176 gradum
1505 1154 1515 1169 ,
1545 1126 1584 1163 in
1605 1138 1676 1176 qua
1694 1127 1816 1164 minor
1837 1125 1880 1164 fit

294 1193 488 1225 acutorum
514 1188 733 1224 morborum
761 1193 880 1224 metus
898 1215 907 1229 ,
942 1187 1065 1224 minor
1083 1188 1247 1225 incitatio
1275 1186 1395 1224 cordis
1420 1186 1466 1224 ad
1495 1185 1616 1236 pulsus
1634 1185 1778 1224 veloces
1794 1213 1805 1229 ,
1833 1185 1879 1223 ad

295 1246 457 1296 rapidam
476 1245 729 1284 evolutionem
746 1247 923 1296 corporis.
945 1245 1047 1284 Idem
1065 1245 1215 1285 voluisse
1237 1246 1349 1285 credo
1363 1245 1431 1284 Vr:
1445 1259 1468 1284 a
1485 1259 1504 1283 υ
1518 1256 1616 1283 Lam
1631 1258 1643 1283 1
1658 1256 1746 1289 um,
1767 1257 1880 1295 quan-

296 1306 347 1344 do
380 1318 499 1344 aerem
521 1306 668 1344 volebat
693 1306 880 1354 exclusum.
916 1304 1066 1345 Femina
1105 1317 1119 1343 1
1136 1317 1197 1353 ις.
1235 1318 1419 1345 annorum
1447 1304 1633 1344 From
1660 1306 1698 1342 in
1727 1316 1879 1344 caverna

295 1367 450 1404 vixerat·
485 1365 573 1403 Vita
593 1366 810 1404 insectorum
845 1365 965 1405 calore
987 1367 1232 1416 praecipitatur
1249 1394 1259 1409 ,
1293 1366 1518 1416 protrahitur
1543 1366 1583 1403 in
1609 1364 1746 1414 frigore
1766 1369 1821 1415 (a
1837 1369 1875 1414 ).

302 1436 464 1475 quorum
499 1424 560 1461 ista
593 1424 743 1473 quidem
772 1435 850 1461 non
876 1423 1023 1472 possunt
1040 1424 1085 1461 ad
1117 1424 1310 1461 hominem
1346 1431 1428 1461 tuto
1459 1423 1648 1461 transferri.

358 1485 477 1522 AEtate
503 1483 694 1532 provecta,
731 1482 880 1532 quando
907 1482 1029 1531 pulsus
1065 1482 1111 1520 de
1146 1494 1303 1521 nurnero
1334 1484 1552 1526 remittunt,
1589 1484 1627 1519 &
1652 1482 1773 1522 cordis
1802 1483 1878 1520 ir'ri-

297 1543 415 1583 tabilis
446 1549 571 1580 natura
599 1553 700 1580 nunc
731 1541 889 1579 debilior
923 1541 972 1578 est
993 1568 1003 1584 ,
1038 1540 1124 1578 felix
1150 1541 1258 1579 fuerit
1277 1569 1286 1584 ‚
1321 1543 1381 1580 cui
1406 1543 1562 1590 migrare
1596 1541 1721 1580 liceret
1755 1543 1793 1580 in
1825 1555 1880 1580 re-

298 1604 451 1652 gionem
494 1601 705 1639 calidiorem
721 1629 730 1644 ‚
775 1602 869 1638 inter
917 1610 980 1644 30.
1027 1601 1064 1638 &
1107 1611 1175 1646 40.
1214 1601 1370 1650 gradum
1388 1629 1397 1644 ‚
1443 1601 1539 1639 forte
1587 1603 1693 1639 etiam
1727 1602 1880 1652 propius

299 1669 543 1712 aequatorem,
577 1662 701 1711 ibique
732 1658 918 1698 confidere
947 1662 1046 1703 ruri,
1080 1660 1167 1698 loco
1202 1659 1323 1704 fiCCO,
1364 1663 1402 1699 in
1427 1673 1503 1711 quo
1532 1667 1654 1699 tamen
1685 1662 1721 1699 &
1742 1662 1881 1701 umbrae

300 1723 338 1759 δι
365 1721 529 1771 frigoris,
567 1721 604 1758 ὁὶ
639 1721 751 1769 aprici
778 1719 862 1758 solis
899 1721 932 1756 ei
968 1719 1008 1757 fit
1034 1721 1150 1769 optio.
1210 1718 1362 1759 Hiemes
1391 1722 1490 1758 enim
1521 1720 1683 1759 boreales
1718 1722 1877 1771 pectori,

303 1783 340 1819 &
368 1782 474 1819 omni
498 1780 722 1829 longaevitati
743 1780 898 1818 immicae
918 1778 1022 1821 sunt,
1057 1779 1140 1817 solis
1167 1780 1348 1830 benignus
1373 1779 1472 1818 calor
1495 1779 1788 1830 languescentem
1805 1782 1880 1819 vim

301 1840 513 1878 irritabilem
533 1839 653 1877 cordis
678 1838 729 1889 (b
747 1838 761 1886 )
794 1840 950 1884 excitat;
981 1838 1062 1888 ipsa:
1087 1839 1219 1889 plantae
1241 1852 1369 1878 annuae
1388 1838 1542 1890 Europae
1561 1841 1599 1879 in
1627 1839 1768 1880 Brafilia
1801 1843 1816 1887 (
1833 1843 1880 1887 c)

302 1907 508 1950 perennant
527 1900 564 1937 &
586 1899 715 1948 ligneae
733 1897 835 1937 fiunt.
871 1899 911 1937 In
926 1899 1141 1948 regionibus
1160 1898 1283 1938 calidis
1302 1899 1553 1938 valetudinarii
1573 1899 1739 1940 sanantur
1759 1900 1855 1949 (ff)
1869 1929 1880 1944 ,

301 1959 353 1998 D.
374 1958 401 1998 P
416 1972 439 1998 o
455 1973 466 1999 i
480 1971 505 1997 u
519 1970 575 1998 cr
602 1958 806 2010 podagram
833 1959 870 1997 δι
901 1956 1128 1998 infirmitates
1149 1959 1188 1997 in
1211 1958 1356 1998 Antillis
1376 1958 1545 2010 deposuit
1569 1960 1700 2009 (ww).

1752 2020 1882 2060 Fortu-

344 2077 404 2113 (c)
428 2086 454 2116 ρ,
475 2085 542 2114 773-
1431 2116 1438 2123 ‚

345 2119 413 2153 (a)
441 2119 628 2149 Remum.
651 2115 685 2147 Τ.
705 2115 741 2147 Π.
762 2116 857 2148 Mc'm.
887 2119 910 2148 1.
941 2115 1068 2148 Arbores
1087 2118 1117 2149 in
1133 2116 1220 2148 borea
1246 2126 1314 2155 ¹50·
1332 2126 1408 2148 anno
1429 2123 1607 2155 immaturae3
1637 2118 1668 2148 in
1686 2118 1805 2149 meridie
1823 2126 1881 2148 ma-

305 2165 373 2189 turae
396 2167 473 2189 anno
501 2167 564 2188 100.
597 2158 641 2188 Du
667 2158 796 2187 HAMEL
821 2159 932 2196 exploit.
959 2160 982 2189 I.

348 2201 410 2235 (h)
434 2200 500 2230 Huc
522 2208 590 2237 ergo
620 2198 707 2238 longa
727 2198 856 2230 seneclus
887 2199 1093 2232 Brafiuenfium
1117 2200 1194 2232 Piso
1220 2201 1254 2231 de
1274 2209 1304 2230 re
1317 2205 1419 2232 natm,
1444 2200 1510 2232 Iud.
1533 2199 1599 2232 1..1.
1628 2208 1656 2239 p.
1674 2207 1717 2232 ιι.
1750 2199 1776 2230 ἃ
1798 2199 1875 2229 ἰηςο-

305 2238 398 2271 irum
429 2240 603 2278 Hispanioiae
626 2240 876 2270 Crunervoxx.

347 2282 413 2316 (c)
435 2281 648 2311 mom-Areus.
677 2291 703 2319 p.
723 2285 789 2318 3⁶3·
820 2281 907 2312 Piso.
933 2281 952 2313 1.
969 2292 993 2313 c.
1020 2281 1042 2314 L
1065 2281 1075 2313 l
1111 2291 1140 2322 p.
1164 2291 1211 2315 ιο.

348 2322 429 2356 (ε’)
452 2322 588 2352 ΒουΡη
616 2323 704 2352 morb.
726 2323 825 2360 navig.
852 2332 880 2362 p.
898 2326 953 2355 61.

349 2361 853 2405 (c'')SRGuA181AN.p.12h
