1955 2732
220 112 262 139 vx
656 99 1322 146 PRAEFATIO.

331 207 448 258 Erigit
471 215 592 247 tamen
616 212 780 250 animum
807 210 1034 249 conscientiae
1055 213 1204 261 integrae
1228 214 1359 250 mentis
1377 241 1387 256 ,
1421 214 1458 251 δι
1482 213 1610 252 illibati
1636 214 1773 254 candoe

222 293 270 329 ris
282 303 313 331 :w
328 290 515 329 sublevant
542 293 746 330 amicorum
775 292 1035 339 benigniorum
1063 292 1206 340 judicia.
1267 293 1391 340 Quem
1421 294 1500 332 Mo
1513 306 1537 332 R
1549 307 1573 332 G
1584 307 1607 332 A
1619 308 1644 333 G
1655 308 1678 334 N
1693 309 1717 334 u
1729 309 1745 334 s
1761 324 1772 340 ,

226 371 323 410 Cin
336 385 360 409 D
373 384 395 409 A
409 384 434 409 N
448 383 498 409 us
512 400 522 415 ‚
558 372 716 419 jacobus
743 372 781 410 D
795 385 818 410 o
831 386 854 410 U
867 386 892 410 G
905 386 926 410 L
942 385 990 410 As
1009 401 1019 416 ‚
1061 373 1246 420 ,lohannes
1273 374 1400 419 PRiN
1413 387 1439 413 G
1453 389 1474 413 L
1487 387 1505 413 Ε
1520 404 1531 419 ,
1569 374 1777 415 Guilielmus

224 452 294 490 Hv
309 465 335 491 N
353 466 376 490 T
391 465 410 490 E
425 465 449 490 R
474 481 484 496 ,
527 452 684 491 Rmatus
716 454 891 491 Antonius
919 467 968 491 DE
993 454 1025 492 R
1038 467 1057 491 E
1070 467 1128 492 Au
1142 467 1172 492 M
1187 467 1246 492 UR
1263 484 1272 499 ,
1318 456 1360 503 J.
1389 455 1547 505 Baptista
1578 457 1600 495 S
1615 469 1674 495 EN
1690 470 1744 496 Ac
1764 487 1775 502 ‚

226 533 265 580 J
264 543 270 550 ·
290 533 349 570 M.
371 534 576 572 mez'scus
601 547 651 572 m:
676 546 724 571 LA
746 535 769 572 S
782 547 805 572 o
819 547 844 572 N
857 546 876 572 E
887 563 896 577 ‚
919 534 1090 572 Nicolaus
1109 534 1141 573 R
1155 548 1178 574 o
1191 549 1206 574 s
1219 549 1240 574 E
1252 549 1277 574 N
1290 565 1300 580 ,
1336 536 1601 586 christophorus
1618 538 1777 584 jacobus

227 614 294 652 ΤΒ
307 627 327 652 E
339 627 377 652 w
398 643 407 657 ,
434 614 476 661 J,
500 615 700 653 Frideiicus
721 615 775 653 Sc
787 629 813 653 H
826 629 848 653 R
860 628 880 653 E
893 629 905 653 1
918 629 937 653 Β
951 628 971 653 Ε
984 629 1005 653 R
1023 645 1033 660 ,
1064 616 1248 663 ,lohannes
1273 617 1308 657 G
1320 631 1340 655 E
1353 632 1368 656 s
1380 631 1405 657 N
1418 632 1438 656 E
1451 632 1471 656 n
1486 631 1510 656 u
1522 632 1536 656 s
1550 647 1559 662 ,
1582 631 1691 669 quem
1716 620 1780 657 Ca-

228 695 323 733 solus
348 695 375 733 B
389 707 412 732 o
426 707 451 732 N
464 707 488 732 N
502 707 522 732 Ε
535 708 559 733 Τ
585 697 680 734 inter
703 699 840 736 amicos
867 697 947 735 suos
970 710 1018 736 nu
1025 698 1214 737 merall'ent
1228 727 1238 743 ‚
1271 712 1356 739 eum
1393 713 1471 738 non
1503 700 1594 738 adeo
1620 701 1714 738 male
1735 700 1783 738 de

230 776 293 814 suo
320 776 441 814 seculo
468 778 641 816 meritum
667 777 735 817 effe
761 780 856 829 aequi
877 779 1015 827 judices
1038 780 1272 818 consentient,

341 887 517 939 Denique
552 891 716 929 animum
747 903 872 929 meum
892 920 902 935 ‚
934 891 1087 930 mollem
1115 892 1159 930 ad
1191 893 1298 936 odia,
1332 894 1550 942 inpatienter
1583 893 1784 942 opprobria

231 971 435 1013 ferentem,
466 971 772 1020 impatientiffime
806 985 961 1016 eorum,
994 985 1089 1023 quos
1121 986 1241 1011 amem
1263 1003 1272 1017 ‚
1316 976 1476 1012 convitia
1501 1003 1511 1017 ,
1543 974 1580 1011 id
1614 973 1784 1012 hastenus

230 1052 363 1100 erigit,
395 1057 437 1089 ut
466 1052 608 1090 videam
640 1060 758 1091 totam
785 1054 917 1096 litem,
949 1054 1041 1091 mihi
1066 1055 1109 1092 ab
1144 1054 1337 1093 ALB1N0
1374 1057 1688 1098 intentatam,.ne
1720 1053 1787 1104 ipsi

232 1133 382 1182 quidem
409 1132 589 1182 aptissimo
613 1133 728 1181 judici
749 1134 828 1171 satis
849 1134 990 1184 placere
1009 1135 1056 1178 a).
1117 1135 1163 1173 Et
1187 1148 1251 1173 cur
1270 1135 1454 1185 placeret?
1485 1148 1569 1173 cum
1591 1148 1650 1173 me
1670 1137 1785 1185 prior,

232 1225 319 1252 cum
357 1221 539 1263 perpetuo
579 1213 796 1263 dedignatus
835 1214 913 1259 fit,
964 1217 1028 1265 qui
1065 1216 1269 1254 testimonia
1310 1216 1437 1254 sinceri
1482 1219 1619 1253 amoris
1658 1218 1787 1254 acriter

233 1294 506 1345 repudiaverit,
550 1307 661 1345 quem
687 1308 788 1333 nunc
816 1297 996 1334 continuo
1019 1325 1030 1340 ,
1065 1297 1101 1334 &
1135 1297 1304 1335 facillime
1338 1299 1482 1335 vincam
1507 1325 1518 1341 ‚
1550 1309 1740 1347 nunquam
1768 1309 1788 1335 a

235 1389 293 1414 me
320 1376 442 1414 laesum
469 1374 547 1414 effe.
608 1376 662 1415 Ita
687 1378 786 1415 enim
807 1377 1008 1415 tenendum
1029 1379 1078 1416 est
1099 1407 1108 1421 ‚
1136 1391 1213 1416 non
1245 1379 1289 1416 de
1314 1378 1431 1429 aliqua
1459 1380 1662 1416 anatomica
1693 1390 1789 1428 quae-

237 1458 351 1495 stione
378 1458 486 1495 nobis
505 1457 608 1495 litem
625 1456 693 1496 effe
709 1487 720 1501 ‚
753 1470 837 1496 cum
864 1459 983 1496 nullus
1011 1459 1104 1496 inter
1127 1472 1194 1496 nos
1217 1459 1384 1498 dissensus
1407 1459 1552 1508 superfit
1572 1472 1579 1496 :
1612 1458 1678 1496 effe
1697 1459 1789 1497 adeo

237 1540 344 1578 unic-e
371 1538 415 1577 de
445 1537 587 1576 offensis
609 1566 621 1582 ,
653 1551 741 1589 quas
769 1539 833 1578 fibi
856 1552 876 1578 a
904 1553 964 1577 nie
989 1540 1101 1578 illatas
1126 1539 1194 1578 Vir
1218 1540 1308 1578 ILL.
1336 1542 1510 1590 queritur.

349 1650 470 1689 Litem
497 1663 556 1688 me
579 1651 741 1700 priorem
766 1649 830 1688 fibi
853 1651 1008 1690 intulisse
1030 1654 1162 1702 repetit
1180 1651 1230 1697 h),
1268 1652 1448 1702 Equidem
1465 1653 1588 1689 omnia
1615 1662 1694 1687 mea
1710 1649 1794 1688 scri-

237 1739 298 1783 pta
330 1732 497 1770 laudibus
529 1732 671 1770 Summi
701 1732 1067 1771 primm-roms
1098 1734 1205 1783 plena
1234 1733 1346 1772 sunt:
1391 1732 1589 1782 plenissima
1616 1731 1794 1769 methodus

229 1814 341 1862 studii
370 1813 517 1856 medici,
551 1820 592 1851 ut
622 1815 729 1851 etiam
756 1813 815 1851 alii
847 1814 899 1852 Cl.
926 1813 1010 1851 Viri
1037 1814 1113 1853 haec
1145 1815 1257 1852 nostri
1282 1816 1416 1853 amoris
1444 1813 1540 1862 ligna
1570 1823 1795 1849 memorave-

238 1897 311 1934 rint
330 1893 373 1940 c).
434 1894 480 1932 Et
503 1895 647 1933 meritas
673 1895 823 1945 quidem
843 1895 966 1934 laudas
989 1897 1021 1933 ei
1038 1897 1198 1945 impertii
1215 1923 1225 1939 ‚
1258 1895 1316 1933 sed
1349 1903 1543 1945 potueram
1571 1893 1697 1935 silere,
1731 1890 1797 1929 nifi

241 1989 299 2017 me
322 1988 425 2016 meus
453 1977 596 2015 animus
621 1976 665 2015 ad
681 1977 942 2026 gratitudinem
958 2005 969 2020 ‚
999 1977 1044 2015 ad
1065 1977 1226 2015 ornanda
1242 1978 1370 2015 merita
1389 1976 1444 2015 Cl.
1470 1976 1537 2013 viri
1555 1972 1794 2024 compuliffet.

354 2087 510 2128 Diffenfi
534 2100 554 2126 a
581 2088 734 2128 Summo
754 2087 849 2127 Viro
869 2090 907 2126 in
931 2090 1034 2139 penis
1056 2089 1249 2127 involucro
1272 2085 1325 2139 d).
1369 2087 1521 2137 Duplex
1554 2086 1684 2123 fecerat
1716 2084 1798 2121 Fri-

1658 2166 1796 2202 derisus

285 2249 315 2285 a)
336 2250 480 2281 Adnotat.
498 2249 530 2281 L-
543 2247 591 2281 VI.
610 2260 638 2289 p.
660 2258 725 2286 140.

283 2290 315 2327 17>
338 2291 446 2321 Aduot.
471 2293 518 2322 VI.
537 2300 564 2329 p.
586 2301 650 2329 143.
665 2291 723 2329 sqq.
1261 2331 1268 2333 Π

281 2332 310 2367 c)
332 2330 482 2360 RoLANo.
500 2331 654 2362 Mamm,
677 2333 815 2371 atskilliga
824 2329 891 2369 [ἄη
906 2337 937 2361 at
957 2333 1020 2362 Hira
1035 2332 1208 2361 anatomien.
1224 2331 1365 2364 Mean&
1382 2338 1490 2357 rei-mv
1503 2326 1538 2358 T.
1551 2323 1663 2356 xxxi.
1679 2323 1795 2361 append-

246 2379 270 2407 Ρ,
283 2381 450 2448 8:1an
463 2410 544 2442 LVI.
557 2421 585 2451 p.
598 2414 647 2447 86.
