1955 2732
318 134 387 167 τεά·
773 126 886 165 LIB.
923 128 1067 166 XXIX.
1132 129 1157 165 F
1188 129 1215 167 F,
1247 129 1280 168 'l'
1311 130 1346 168 U
1376 130 1409 169 S.

307 238 391 275 dam
410 232 455 287 ν)
483 238 579 286 rapit
609 236 646 274 &
675 243 788 275 vorat,
851 235 978 274 Unum
1005 237 1135 275 animal
1168 249 1226 281 19.
1256 239 1373 287 capita
1393 239 1603 287 produxisse
1629 241 1721 280 vidit
1744 243 1797 280 vir
1819 242 1873 281 Cl,

307 307 387 344 quae
409 295 534 333 omnia
552 293 585 338 s)
608 293 843 332 coliaererent.

420 376 491 414 Sed
516 383 639 414 tamen
662 376 793 425 sponte
817 374 993 424 denique,
1014 374 1096 423 post
1121 374 1261 425 aliquot
1283 376 1359 413 dies
1378 375 1409 423 t>
1423 405 1433 420 ‚
1449 378 1557 415 etiam
1582 378 1650 416 illae
1675 379 1772 430 quafi
1789 393 1876 430 pro-

310 435 459 484 pagines
480 433 643 471 animalis
668 433 713 469 de
734 432 794 470 sua
817 431 939 469 radice
965 431 1171 469 decedunt:
1196 433 1232 469 ἃ
1251 445 1374 471 earum
1392 446 1545 485 quaeque
1561 438 1756 486 proprium
1777 450 1878 477 nunc

309 491 357 528 est
376 490 413 535 ιε)
441 489 596 533 animal,
626 491 730 537 cujus
757 488 895 526 eaedem
927 486 996 526 fint
1022 487 1249 527 adfectiones.

422 572 477 610 Ita
507 572 695 610 celerrime
712 600 722 614 ,
756 572 794 608 8:
821 570 865 608 ad
884 570 997 610 multa
1018 569 1130 608 millia
1146 599 1156 614 ,
1189 572 1282 609 intra
1302 583 1414 609 unam
1437 572 1591 610 aestatem
1607 602 1617 616 ‚
1649 574 1879 625 polyporum

310 642 425 678 genus
447 629 713 678 multiplicatur
729 627 782 673 x).

424 711 536 750 Nulla
565 711 626 750 hic
649 710 918 749 fecundationis
938 723 958 747 a
977 721 1079 748 mare
1100 709 1254 760 suspicio
1264 706 1310 758 y)
1333 710 1382 747 est
1399 739 1408 753 ‚
1443 712 1480 748 &
1499 711 1659 761 polypus
1680 711 1725 750 ad
1742 711 1880 750 sextam

309 768 423 819 usque
446 770 723 818 generationem
755 768 967 806 animalium
986 767 1039 806 sui
1062 766 1232 805 similium
1253 769 1291 804 in
1313 767 1470 816 perfetta
1495 768 1690 807 solitudine
1709 770 1754 815 z)
1777 769 1877 813 edit,

311 827 490 875 imprimis
520 824 544 862 fi
574 825 698 874 pabuli
726 826 870 863 ubertas
902 824 1067 862 fecundae
1087 825 1194 861 matri
1218 824 1348 874 praesto
1368 824 1478 862 fuerit
1497 822 1567 876 a),
1604 826 1641 864 Sc
1658 827 1748 864 aeris
1772 834 1880 876 tepor

315 883 471 926 faverit,
504 889 613 931 atque
642 889 705 929 48.
734 882 868 931 gradus
893 881 994 919 Fahr.
1018 880 1204 919 excesserit
1223 880 1270 925 b).

426 962 528 1002 Alius
552 967 712 1002 rariorve
732 963 866 1002 modus
890 964 964 1006 est,
999 975 1075 1013 quo
1096 961 1226 1012 polypi
1249 975 1314 1012 per
1333 963 1385 1000 sui
1406 964 1574 1012 corporis
1596 963 1811 1002 divisionem
1838 960 1880 1013 c)

312 1021 604 1071 multiplicantur
624 1050 634 1064 ‚
674 1022 712 1058 in
749 1021 825 1058 aliis
861 1020 1048 1073 speciebus
1071 1047 1081 1063 ,
1124 1019 1162 1056 δε
1195 1018 1423 1070 potiffimum
1454 1020 1492 1056 in
1524 1021 1783 1070 campanulatis
1813 1021 1883 1060 fre-

314 1080 496 1129 quentior.

427 1160 548 1199 Etiam
573 1160 742 1210 bicipites
762 1158 801 1203 d)
829 1158 961 1208 absque
985 1164 1061 1195 arte
1091 1158 1166 1194 nati
1191 1157 1320 1208 polypi
1346 1158 1408 1195 viii
1436 1158 1538 1202 sunt,
1572 1148 1729 1209 indeque
1750 1160 1884 1209 genitae

314 1217 570 1268 amphisbaenae
589 1215 621 1261 e)
638 1245 648 1260 ‚
685 1228 764 1267 quae
784 1215 896 1265 paulo
917 1215 999 1265 post
1021 1216 1059 1251 in
1081 1214 1175 1252 duos
1196 1214 1357 1264 polypos
1377 1214 1592 1254 secesserunt
1599 1212 1657 1265 f)

427 1299 545 1338 Porro
561 1298 704 1349 polypi,
721 1299 831 1336 cristae
851 1295 1031 1336 castrensis
1053 1295 1183 1334 similes
1194 1297 1243 1344 g)
1257 1325 1267 1339 ‚
1301 1297 1394 1335 fetus
1418 1296 1464 1334 de
1486 1297 1596 1335 latere
1619 1297 1683 1335 suo
1708 1298 1863 1346 exigunt
1873 1298 1888 1341 ,’

319 1359 356 1395 &
382 1356 502 1395 adhuc
527 1356 754 1406 frequentius
784 1355 828 1393 ad
851 1354 982 1404 plantae
1014 1353 1171 1391 modum
1190 1360 1363 1392 truncum
1384 1352 1427 1400 h)
1452 1354 1587 1391 habent
1607 1382 1616 1396 ,
1651 1367 1697 1392 ex
1723 1366 1799 1403 quo
1831 1356 1888 1392 in-

317 1415 463 1452 numeri
480 1414 571 1451 rami
592 1414 628 1451 &
649 1412 779 1450 ramuli
795 1411 1003 1461 prodeunt,
1025 1422 1186 1460 quorum
1200 1411 1371 1448 omnium
1389 1411 1493 1448 radix
1508 1413 1661 1449 unicum
1679 1410 1729 1449 est
1744 1411 1884 1449 animal.

434 1495 495 1533 Sic
518 1494 607 1532 alter
637 1494 821 1544 polypus,
854 1492 1027 1532 similibus
1058 1494 1245 1531 cornubus
1262 1521 1274 1535 ,
1309 1493 1348 1530 in
1380 1492 1656 1532 infundibulum
1682 1492 1794 1536 fietis,
1828 1492 1889 1530 sed

321 1565 480 1603 corpore
503 1550 709 1589 breviffimo
730 1552 770 1596 z).

435 1634 554 1673 Porro
585 1633 653 1671 alia
682 1634 804 1672 minor
833 1631 968 1683 species
988 1632 1028 1676 k)
1051 1630 1279 1682 polyporum
1295 1659 1306 1675 ‚
1342 1642 1504 1681 quorum
1529 1643 1663 1683 corpus
1689 1643 1888 1684 campanu-

859 1698 862 1701 “
1845 1688 1888 1727 1ae

363 1780 393 1817 r)
416 1789 443 1818 p.
468 1787 533 1817 157.
552 1782 617 1810 166.
636 1788 702 1817 179.
725 1779 859 1810 nonsit„
879 1787 908 1816 p.
927 1786 973 1815 31.
987 1786 1032 1816 32.
1047 1783 1068 1808 t.
1081 1785 1127 1816 79.
1142 1775 1164 1807 f.
1180 1785 1204 1806 x.
1219 1782 1239 1806 t.
1261 1778 1308 1813 76.
1322 1775 1342 1806 f.
1360 1785 1385 1806 2.
1400 1785 1425 1815 3.
1444 1787 1471 1813 ς,

364 1824 390 1854 ι)
413 1830 440 1858 p.
462 1830 524 1858 277.
541 1827 561 1851 t.
581 1826 607 1856 8.
626 1820 645 1850 f.
663 1827 689 1855 8.
709 1827 730 1851 t.
743 1831 769 1857 9.
787 1821 806 1850 f.
824 1829 850 1857 7.
885 1819 1016 1850 Roesu.
1038 1825 1059 1849 t.
1078 1825 1124 1855 85.
1139 1817 1158 1846 f.
1174 1826 1200 1846 2.
1216 1826 1239 1854 3.
1257 1824 1279 1848 t.
1292 1820 1338 1851 86.
1353 1823 1401 1852 88.
1416 1823 1463 1856 89.

364 1866 400 1937 1))
415 1871 441 1900 P·
463 1871 526 1932 ¹526·
548 1871 696 1899 154·155·
715 1865 779 1899 156-
816 1862 949 1897 inorsa.
971 1869 1001 1900 p.
1022 1868 1088 1899 172.
1106 1866 1172 1899 ¹73·
1191 1866 1260 1898 493.
1276 1863 1347 1895 478.

366 1914 386 1931 u
423 1911 450 1939 p.
476 1913 503 1936 -ς
531 1926 536 1932 .

366 1944 401 1980 x)
423 1953 449 1980 p·
473 1949 620 1980 189.191.
638 1952 704 1980 192.

360 1986 398 2060 ,ἔξ
420 1984 647 2063 ’Ῑὶῠὶπλικιζικὲςμ
666 1993 732 2023 ¹70·
754 1992 820 2022 17¹·
841 1990 907 2022 172.

369 2067 401 2101 a)
424 2074 454 2102 p.
474 2070 541 2103 178.

370 2108 401 2143 1⁷)
424 2116 452 2144 P·
470 2112 536 2144 ι87·

371 2152 398 2183 s)
422 2157 451 2190 P<
471 2157 536 2184 195·

372 2189 406 2224 d)
428 2198 455 2226 p.
468 2196 536 2217 201,

371 2231 399 2264 e)
421 2239 448 2267 p.
466 2237 531 2258 202.
548 2235 570 2261 t.
583 2238 609 2268 9.
625 2229 645 2260 f.
663 2239 688 2267 ς.

364 2269 400 2308 f>
422 2280 448 2307 r>-
467 2279 534 2308 203-

369 2312 402 2350 g)
425 2321 443 2348 p
464 2315 530 2342 216.
549 2318 570 2342 t.
590 2321 618 2348 9.
638 2310 659 2341 f.
679 2317 707 2346 8.
731 2310 864 2342 Romi„
879 2316 900 2342 t.
918 2319 965 2350 73.
984 2310 1040 2350 fi7.

372 2353 405 2387 ὁ)
427 2359 446 2381 t.
465 2362 490 2389 9.
507 2352 526 2381 f.
542 2362 569 2389 9.
595 2352 675 2383 IDEM
688 2359 710 2386 t.
726 2361 772 2392 73·
788 2352 807 2383 f.
825 2362 869 2392 ¹3·
888 2359 911 2386 t.
927 2362 974 2392 74.
992 2352 1014 2384 f.
1029 2363 1056 2393 9.
1074 2361 1119 2386 ιο.
1140 2360 1186 2386 u.
1207 2351 1267 2388 tab.
1283 2360 1333 2393 ῖς.

372 2395 398 2429 i)
421 2393 553 2423 Ronsssr.
570 2400 593 2424 t.
613 2403 662 2424 01.

371 2434 405 2473 k)
427 2433 605 2465 Tamum
624 2436 700 2466 Phil.
720 2433 827 2477 Tranfi
841 2445 872 2467 n·
885 2445 955 2477 474.
