1955 2732
470 133 741 176 SECTJH.
802 130 1230 175 SECUNDAE.
1542 134 1620 173 err

77 245 190 285 chum
216 244 334 288 vidit,
368 256 452 283 cum
467 245 575 283 toties
602 242 867 292 diligentiffime
898 242 1062 292 quaefitus
1088 242 1205 280 fuerit.
1268 240 1477 280 chnarzm
1514 241 1625 281 Hm

77 303 220 344 urachi,
243 304 335 340 circa
356 314 466 352 quem
490 303 624 338 arteriae
643 300 677 339 se
699 301 952 341 convolvunt,
987 301 1094 337 toties
1111 312 1156 336 eo
1183 299 1317 337 uracho
1339 302 1519 342 minusca,
1543 313 1628 338 icon

79 370 98 394 a
121 359 272 396 naturali
292 359 408 408 specie
430 356 634 406 longissime
660 364 799 394 remota
822 357 870 394 est
885 383 894 398 ,
929 356 965 393 ἃ
989 363 1104 394 totam
1130 355 1406 393 adnotationem
1436 355 1627 405 suspectam

78 415 205 451 reddit.

191 495 266 533 let.
293 496 469 532 Arnmus
500 494 607 532 semel
634 493 737 531 suum
770 493 974 530 funiculum
998 490 1038 537 c)
1069 493 1186 535 vidit,
1230 493 1266 529 &
1298 503 1383 529 cum
1416 493 1492 540 ejus
1525 492 1627 530 disci-

78 550 156 599 puli
176 552 214 593 d)
237 552 510 588 adnotationem
526 579 536 593 ‚
569 562 677 597 quam
704 551 892 586 citavimw³
910 577 919 591 ‚
952 550 1079 586 darent
1107 561 1174 598 pro
1197 548 1506 586 demonstratione
1520 549 1627 586 alian-

79 607 208 643 toideae
234 608 448 644 membranae
468 636 478 650 ,
498 607 583 656 ipse
612 618 728 654 nuper
760 616 921 644 mentem
947 605 1044 643 suam
1070 607 1118 642 ita
1145 605 1364 648 declaravit,
1399 614 1438 643 ut
1464 605 1560 642 nolit
1580 607 1628 642 ita

77 663 259 711 intelligi,
292 676 411 713 neque
435 662 611 711 ejusmodi
632 663 879 698 membranam
901 661 934 705 e)
959 661 1134 698 adfirmet.

190 744 278 781 Non
301 745 471 793 adparet,
504 756 568 782 cur
592 745 629 780 in
653 744 851 780 tenerrimo
873 742 949 780 setu
972 742 1049 780 solo
1073 741 1250 790 ejusmodi
1274 740 1542 791 receptaculum
1572 753 1626 778 re-

75 807 222 848 pertum
248 802 288 837 iit
309 829 317 843 ,
351 812 537 850 nunquam
556 802 592 836 in
610 799 788 842 adultiori.

190 882 226 918 Si
250 881 386 930 aliquid
410 882 503 919 valet
527 881 714 928 analogia,
748 892 833 916 cum
863 890 954 927 aqua
987 877 1212 915 allantoideae
1241 878 1458 915 membranae
1485 878 1628 927 inani-

77 936 231 975 malibus
253 940 410 976 breviori
430 967 440 981 ‚
475 945 556 974 ante
576 946 719 986 partum
739 965 749 978 ‚
783 944 949 984 tempore
962 935 1119 984 plurima
1142 934 1184 971 fit
1199 964 1209 978 ,
1244 947 1289 971 ex
1314 947 1352 971 ea
1379 934 1543 982 analogia
1560 934 1628 970 dif-

77 991 215 1031 ficultas
243 1002 369 1032 contra
396 995 589 1031 humanam
617 992 870 1030 allantoideam
897 993 1038 1027 moveri
1070 994 1215 1040 poterit.
1257 991 1294 1028 Si
1318 990 1424 1027 servit
1452 990 1628 1038 colligen-

79 1049 128 1085 do
155 1050 248 1088 lotio
265 1079 273 1093 ‚
307 1051 404 1089 idem
428 1060 524 1087 certe
547 1057 603 1087 tot
625 1048 803 1085 mensibus
826 1049 864 1084 in
879 1049 1025 1084 renibus
1041 1060 1140 1084 nunc
1158 1047 1412 1095 grandioribus
1434 1046 1628 1083 collectum

79 1117 254 1153 magnum
286 1106 553 1155 receptaculum
589 1104 800 1141 defiderabit
823 1132 832 1146 ,
875 1104 910 1139 δι
941 1103 1042 1151 quod
1070 1103 1199 1140 oculos
1232 1104 1338 1139 etiam
1370 1104 1627 1151 imperitorum

78 1173 157 1199 non
180 1163 323 1210 fugiat,
365 1164 419 1199 uti
444 1162 593 1211 quidem
621 1159 834 1198 allantoidea
863 1160 1055 1196 brutorum
1085 1159 1295 1195 animalium
1321 1158 1424 1195 facile
1448 1158 1511 1195 sub
1540 1170 1629 1195 ocu-

77 1217 138 1254 los
160 1218 277 1260 cadit,
311 1230 430 1266 neque
453 1218 634 1256 veteribus
660 1219 787 1265 ignota
812 1217 889 1252 fuit.
951 1215 1062 1252 Nunc
1085 1215 1232 1263 plurimi
1263 1214 1317 1252 Cl.
1342 1216 1409 1251 viri
1425 1242 1435 1257 ,
1468 1214 1541 1263 ipse
1559 1216 1630 1251 AL-

80 1286 225 1317 B1Nus,
260 1275 296 1310 Sc
331 1273 554 1311 HUNTERUS
579 1302 588 1316 ‚
629 1274 665 1309 &
698 1272 962 1309 Ro-ssmmmus
988 1299 997 1313 ‚
1044 1273 1079 1307 ὃς
1115 1271 1167 1308 Cl.
1200 1269 1330 1319 JENTY
1368 1299 1377 1313 ,
1420 1271 1456 1306 Sc
1498 1270 1627 1308 Bom-

80 1342 251 1373 MERus‚-
272 1332 306 1366 δε
331 1329 375 1367 G.
404 1330 678 1367 Noomwvcx
705 1340 821 1377 nuper
849 1329 973 1364 icones
999 1326 1179 1364 dederunt
1201 1328 1293 1364 uteri
1314 1326 1454 1374 gravidi
1476 1354 1485 1368 ‚
1519 1338 1629 1376 quem

78 1386 229 1424 sollicite
256 1386 505 1424 dissecuerunt.
566 1385 689 1423 Nemo
711 1384 910 1434 quidquam
933 1383 1044 1420 limile
1068 1383 1159 1420 vidit
1183 1381 1379 1420 allantoidi.

191 1467 315 1505 Liceat
330 1480 426 1504 meas
451 1496 460 1510 ,
493 1468 558 1516 qui
581 1467 664 1504 octo
689 1466 840 1502 feminas
864 1463 1028 1512 gravidas
1050 1463 1252 1505 inciderim,
1267 1463 1520 1500 adnotationes
1543 1464 1630 1500 cita-

78 1535 126 1560 re.
185 1523 290 1561 Nihil
322 1523 450 1561 subtile
475 1523 523 1560 est
549 1523 711 1571 duplices
742 1521 863 1558 videre
903 1532 1035 1569 aquas,
1068 1528 1130 1557 aut
1159 1520 1266 1557 incisa
1290 1520 1440 1561 ammio,
1481 1520 1515 1555 ὁὶ
1549 1532 1629 1555 eva-

79 1587 193 1623 cuata,
209 1580 401 1617 adtendere
422 1581 585 1616 animum
610 1579 654 1616 ad
677 1578 825 1615 alteram
847 1575 993 1614 veficam
1015 1605 1025 1619 ,
1059 1588 1138 1625 quae
1155 1576 1236 1625 post
1254 1585 1461 1613 evacuatam
1480 1577 1629 1612 amnion

75 1636 219 1684 *integra
244 1637 279 1673 ἃ
307 1637 411 1685 plena
443 1634 597 1684 superfit.
660 1635 749 1671 Non
779 1645 837 1670 me
864 1633 960 1680 fugit
990 1634 1199 1669 membrana
1228 1632 1345 1668 media
1368 1659 1376 1673 ,
1412 1643 1489 1668 non
1519 1633 1631 1667 amnii

76 1691 254 1735 lamellae,
296 1705 373 1730 non
409 1692 509 1734 vasa,
545 1690 605 1728 sed
632 1691 686 1728 uti
723 1701 911 1738 nunquam
943 1687 1119 1726 urachum
1150 1689 1195 1725 de
1230 1687 1396 1726 funiculo
1436 1697 1628 1725 exeuntem

79 1748 180 1791 vidi,
216 1750 266 1785 ita
292 1760 480 1798 nunquam
507 1746 697 1785 veficulam
715 1774 724 1789 ,
758 1747 795 1782 in
823 1757 932 1794 quam
962 1745 996 1781 se
1023 1745 1183 1781 inaniret.

192 1827 268 1866 Effe
304 1831 341 1866 in
381 1829 543 1877 analogia
583 1828 877 1876 probabilitatem
911 1825 1144 1862 retinendum
1186 1825 1266 1868 est,
1309 1824 1629 1861 demonstrationis

80 1885 156 1921 vim
179 1897 254 1922 non
279 1884 401 1924 adesse.
464 1885 580 1923 Etiam
609 1884 674 1920 alia
702 1883 892 1920 hominem
922 1882 964 1918 ab
996 1881 1210 1919 animalibus
1239 1881 1354 1919 aliena
1384 1880 1515 1917 habere
1541 1893 1629 1917 con-

72 1940 145 1992 [stat
164 1969 173 1982 ,
195 1944 332 1979 menies
353 1970 362 1984 ,
390 1943 482 1979 uteri
505 1941 676 1978 fabricam
693 1967 703 1982 2
737 1940 773 1976 δι
799 1938 981 1988 placentae.

829 2051 867 2089 D
888 2052 912 2089 d
944 2063 965 2089 2
1502 2049 1628 2086 Videri

79 2161 249 2193 Nau-omn
263 2172 287 2193 c.
302 2172 327 2200 7.
351 2164 376 2200 J.
394 2173 422 2192 v.
436 2164 549 2194 Hoam
568 2160 738 2201 microcofin.
758 2170 785 2197 p.
805 2165 868 2193 ¹81-
892 2158 1037 2188 Ruvscn.
1053 2158 1128 2196 apud
1144 2158 1266 2188 Erunt..
1282 2167 1300 2196 p
1317 2161 1364 2192 86.
1389 2157 1421 2187 R.
1443 2156 1614 2186 MANNJNG

80 2211 155 2233 EAM
171 2213 188 2240 p
212 2207 237 2233 6.
262 2203 456 2233 Roufflum.
472 2205 565 2235 Mem.
582 2206 615 2233 de
635 2213 715 2240 ¹714-
741 2202 771 2231 C.
787 2201 810 2236 J.
829 2200 935 2229 Tarw.
959 2198 1112 2237 differnfet.
1131 2210 1157 2236 p.
1179 2210 1241 2228 roc.
1267 2199 1289 2228 G
1315 2199 1629 2235 Nooffrwrcrpfflff.

78 2241 196 2275 Fatetur
212 2243 239 2273 se
255 2244 289 2273 ab
306 2244 476 2274 allantoidea
493 2245 527 2274 ad
543 2243 662 2273 vesicam
679 2244 753 2272 viam
774 2250 829 2269 non
848 2238 979 2276 reperiffe
1006 2240 1127 2268 (mma
1154 2240 1181 2268 Sc
1203 2239 1362 2269 Mamur.

120 2285 149 2318 c)
172 2285 282 2315 Adnot.
307 2284 335 2314 L.
355 2284 400 2314 Ill.
420 2294 446 2321 p.
464 2288 506 2320 36.
532 2284 584 2314 Pro
598 2283 687 2313 altero
702 2282 829 2313 vasorum
850 2278 1057 2310 umbilicalium
1078 2279 1164 2309 habet
1175 2278 1216 2309 Cl.
1234 2279 1464 2313 Noouwrex,
1482 2278 1507 2306 St
1526 2286 1627 2308 nervw

80 2321 141 2353 lum
166 2324 259 2354 urachi
285 2324 486 2354 Honorati-⁴111
517 2334 543 2361 p.
566 2334 630 2362 344.
655 2333 707 2362 pro
732 2323 821 2352 altero
847 2321 992 2358 septorum
1010 2329 1035 2356 p.
1055 2329 1101 2357 23.

113 2364 146 2393 d)
169 2364 397 2394 LAMBRECHTS.
420 2363 478 2394 obs.
491 2368 539 2396 60.

121 2406 149 2441 e)
170 2404 200 2434 L.
215 2405 323 2435 XXVI.
340 2415 367 2443 p.
387 2415 451 2442 311.
