1955 2732
409 99 1286 148 SECT.1V.V1TAFETUS.
1545 108 1623 149 267

75 220 223 260 latinosa
247 219 306 257 fila
329 216 428 255 mole
452 227 547 265 pene
570 214 641 252 toti
670 211 908 253 evanescunt,
941 216 983 248 ut
1005 208 1093 247 levis
1112 209 1227 248 crusta
1246 207 1415 258 superfit,
1443 215 1486 247 ut
1501 219 1622 247 coram

77 279 211 316 video:
252 274 386 324 &ipsa
417 271 489 310 offa
526 272 599 308 diei
641 276 674 306 6.
710 282 744 315 7.
779 271 818 306 in
858 268 991 317 quibus
1037 279 1138 304 nunc
1168 267 1419 316 experimenta
1443 267 1591 304 instituo
1613 294 1623 309 ‚

76 335 169 372 lema
188 332 368 382 glutinosa
387 359 398 374 ‚
432 331 572 367 cinerea
586 356 597 370 ‚
630 326 749 363 relicla
764 353 775 368 ‚
808 332 887 362 tota
913 323 1081 361 exhalant
1097 321 1151 371 d).

190 414 348 463 Adparet
371 409 471 460 poffe
487 410 601 447 fetum
618 408 767 449 haberi,
800 413 977 455 quantuni
999 405 1044 442 ad
1064 406 1333 442 incrementum
1354 405 1531 453 pertinet,
1555 416 1624 454 pro

77 471 248 509 fibrarum
272 469 409 507 summa
425 496 435 509 ,
463 477 622 515 quarum
644 465 803 501 maxima
817 474 900 512 pars
923 461 1053 511 gluten
1077 460 1141 504 fit,
1175 461 1212 499 ἂ
1237 474 1303 511 per
1324 473 1434 511 quam
1456 473 1533 498 rara
1558 461 1629 499 ele-

77 534 199 565 menta
224 534 337 564 terrea
360 523 579 573 spargantur.

187 606 282 645 Pulli
305 612 415 654 caput
435 602 512 652 e)‚·
531 604 568 640 δε
593 601 755 640 universa
777 599 850 639 offa
868 629 880 642 ‚
911 599 974 637 sub
1001 600 1104 637 initia
1127 599 1290 637 animalis
1311 598 1441 647 gluten
1468 598 1567 642 sunt,
1592 600 1629 637 δε

77 664 193 714 ipsum
218 676 258 701 os
283 661 478 713 petrosum.
539 659 712 708 Agnellus
743 658 867 696 coelus
895 656 970 694 leni
1000 656 1120 694 calore
1141 657 1180 693 in
1204 669 1342 694 meram
1368 655 1627 705 mucilaginem

76 721 163 759 abiit
170 718 223 770 f).

321 834 354 877 §-
386 830 432 869 V.
494 828 695 879 Discrimen
723 831 884 877 partium
903 826 1102 876 firmarum
1132 825 1179 870 Εῦ*
1197 822 1388 875 fluentium

661 904 731 930 non
759 893 958 930 maximum
986 890 1038 939 est.

186 984 335 1024 Deinde
362 998 440 1023 non
466 983 600 1021 debent
622 991 740 1033 partes
767 983 885 1021 fluidae
909 982 1021 1019 firmis
1039 1010 1048 1024 ,
1078 988 1265 1031 tamquam
1286 981 1344 1018 sua
1369 986 1492 1017 natura
1515 979 1558 1016 ab
1586 980 1627 1016 iis

76 1043 223 1085 alienae,
255 1043 406 1091 obponi.
467 1040 654 1078 Elementa
684 1051 887 1089 corporum
915 1040 1040 1075 omnia
1066 1039 1178 1075 solida
1212 1037 1294 1075 sunt
1318 1066 1329 1080 ‚
1362 1036 1421 1074 sed
1447 1038 1597 1073 minima
1616 1064 1626 1078 ‚

78 1099 138 1136 sed
164 1100 295 1136 atomis
317 1098 510 1147 proxima3
545 1096 568 1133 fi
594 1104 740 1134 atomos
766 1094 927 1145 phyficas
951 1096 1145 1143 concipere
1163 1094 1267 1131 datur
1287 1092 1338 1138 α).
1373 1092 1490 1138 Quod
1507 1100 1629 1129 autem

78 1167 164 1193 cum
188 1155 331 1192 suarum
356 1153 528 1190 similibus
552 1152 783 1194 cohaereant,
818 1159 880 1188 aut
902 1150 1053 1188 viciffim
1087 1152 1131 1188 ab
1156 1152 1198 1187 iis
1224 1150 1389 1199 separatae
1419 1148 1509 1192 fint,
1543 1148 1581 1185 id
1610 1160 1630 1186 a

75 1210 187 1249 caufis
210 1211 433 1259 peregrinis,
457 1210 493 1246 &
515 1208 605 1257 saepe
627 1207 808 1245 leviffimis
827 1207 864 1251 h)
890 1207 1036 1257 pendet.
1087 1206 1164 1244 Sibi
1182 1206 1311 1244 relitiae
1329 1206 1528 1244 creduntur
1550 1215 1632 1242 om-

78 1279 141 1304 nes
158 1267 191 1304 se
214 1266 401 1303 adtrahere
417 1294 427 1309 ‚
457 1273 499 1303 ut
514 1265 605 1302 nihil
619 1266 821 1314 requiratur
838 1264 882 1301 ad
902 1264 1047 1314 plenam
1069 1264 1105 1300 ἃ.
1120 1262 1353 1300 firmiffimam
1376 1261 1630 1304 cohaessonem,

78 1322 144 1361 nifi
170 1323 353 1361 contactus
371 1323 563 1372 proximus
585 1321 853 1359 elementorum
866 1349 876 1363 ,
909 1333 989 1370 quae
1004 1332 1082 1357 non
1101 1319 1168 1357 alia
1183 1332 1283 1357 nunc
1298 1320 1465 1357 materies
1485 1318 1627 1368 separet.

190 1404 355 1442 Maxima
381 1403 472 1441 adeo
496 1402 596 1441 causa
618 1402 802 1441 fluiditatis
828 1402 897 1444 est,
925 1401 950 1438 fi
974 1403 1139 1439 materies
1167 1401 1355 1438 elementis
1377 1399 1496 1438 solidis
1520 1401 1632 1438 inter-

77 1459 195 1511 pofita
222 1473 329 1511 quam
360 1459 561 1498 fluidiffima
580 1460 718 1502 fuerit,
753 1460 789 1496 δε
825 1471 935 1508 quam
965 1456 1197 1496 mobilissima
1216 1485 1226 1500 ,
1257 1465 1299 1495 ut
1327 1457 1454 1495 solidas
1487 1464 1632 1496 atomos

77 1529 156 1555 non
181 1516 270 1554 finat
297 1516 478 1567 quiescere
495 1545 506 1560 ‚
538 1529 658 1566 neque
681 1515 773 1553 adeo
803 1515 837 1552 se
863 1514 1059 1553 adtrahere.

189 1598 288 1647 Ignis
317 1598 408 1636 adeo
433 1597 535 1635 causa
561 1598 611 1636 est
633 1597 752 1635 fluidae
776 1604 935 1639 naturae,
965 1598 1029 1646 qui
1054 1603 1176 1633 tamen
1199 1608 1219 1633 a
1246 1595 1470 1645 corpusculis
1496 1595 1633 1645 separa-

77 1661 137 1693 tus
155 1683 165 1698 ,
196 1657 319 1693 omnia
342 1683 352 1698 ,
386 1667 466 1704 quae
491 1653 693 1691 fluidiffima
712 1653 886 1695 fuerunt,
913 1652 983 1690 suae
1010 1652 1223 1690 adtraCtioni
1244 1654 1433 1700 permittit.

190 1736 289 1774 Nam
309 1737 420 1774 etiam
449 1734 715 1784 hydrargyrum
737 1746 800 1783 per
829 1732 1055 1772 saeviffimum
1083 1733 1197 1782 frigus
1224 1733 1541 1783 Petropolitanum
1558 1733 1594 1778 c)
1619 1762 1629 1776 ,

80 1793 125 1830 ab
147 1799 221 1830 arte
248 1794 375 1841 utique
400 1791 588 1839 adjutum,
620 1794 659 1828 in
686 1790 879 1828 consistens
905 1790 1094 1828 metallum
1125 1791 1322 1828 concrevit.
1374 1790 1516 1839 Exigua
1541 1790 1630 1840 saepe

79 1848 210 1886 caloris
233 1848 437 1886 discrimina
459 1848 498 1891 d)
519 1847 628 1885 fluida
653 1859 809 1896 corpora
840 1848 879 1884 iu
904 1845 1006 1884 firma
1033 1853 1256 1884 convertunt
1273 1845 1316 1890 e).

193 1929 339 1979 Aliquas
354 1936 464 1967 terras
481 1942 571 1979 aqua
588 1928 661 1967 sola
677 1936 847 1978 potenter
861 1929 951 1966 unit.
985 1927 1150 1978 Gypsum
1169 1927 1328 1966 calidum
1345 1927 1516 1971 undulat,
1534 1927 1631 1978 quasi

81 1986 235 2025 fluidum
253 1987 369 2029 foret,
404 1987 439 2024 &
455 1986 598 2029 ebullit,
620 1986 814 2036 idemque,
837 1997 929 2034 aqua
943 1984 1123 2035 adspersa,
1145 1987 1183 2022 in
1200 1984 1356 2022 solidum
1373 1985 1448 2022 abit
1459 1985 1626 2035 lapidem.

816 2050 874 2089 Ll
906 2061 928 2088 2
1584 2046 1629 2086 In

121 2105 154 2137 d)
176 2103 218 2133 Ita
232 2105 258 2134 ἀ
275 2104 388 2134 Arum.
403 2100 508 2144 qffifht.
524 2114 553 2143 p.
573 2114 638 2141 150.

122 2146 150 2178 e)
172 2144 298 2174 Hmvm
312 2155 404 2182 gener.
422 2155 447 2181 p.
465 2148 526 2181 169.

117 2184 155 2222 s)
177 2186 365 2215 SancHuR.
385 2186 509 2222 depane.

123 2226 155 2260 a)
180 2225 279 2268 fluida
298 2235 314 2254 a
334 2225 454 2262 pulvere
476 2227 560 2255 unice
582 2225 720 2257 differunt
740 2225 886 2265 particulis
900 2249 908 2262 ‚
939 2224 1013 2256 ultra
1033 2223 1165 2256 sensuum
1192 2224 1251 2254 vim
1275 2222 1410 2254 tenuibus
1431 2222 1627 2254 Messeniis-

84 2275 217 2296 noscx.
236 2268 314 2306 qjjais
330 2268 363 2294 de
372 2264 449 2304 plois.
467 2270 531 2301 362.

124 2305 155 2339 ὸ)
178 2306 272 2343 Quam
289 2305 372 2335 facile
399 2306 486 2335 fluida
508 2307 536 2335 in
559 2306 647 2336 solida
664 2314 810 2337 mutentur
828 2307 856 2338 Ρ.
874 2317 902 2337 ν.
919 2306 1241 2337 Mussenrsnoacm
1256 2305 1276 2336 1.
1291 2315 1315 2336 c.
1331 2315 1358 2335 n.
1375 2308 1442 2342 695.

124 2347 152 2381 c)
172 2346 204 2375 ln
219 2346 259 2375 el.
278 2346 406 2375 Burrum
426 2346 523 2376 libello
540 2349 573 2376 de
585 2349 616 2376 vi
629 2347 742 2385 frigoris
759 2349 820 2384 &a

126 2387 159 2415 d*
181 2386 224 2413 De
244 2386 308 2415 oleo
328 2386 395 2416 anili
415 2387 520 2416 Bous
541 2387 601 2427 lust.
609 2390 696 2425 fluid.
708 2389 871 2427 firmitatis.

124 2430 151 2464 e)
171 2425 265 2458 me..
285 2433 357 2458 mat.
373 2429 473 2458 medic.
487 2437 516 2466 p.
535 2438 600 2465 515.
