1955 2732
296 127 381 170 58⁷6,
774 118 870 157 LIB.
904 118 1053 158 XXIX.
1114 118 1143 157 F
1172 118 1201 158 E
1229 118 1268 157 T
1295 118 1329 157 U
1359 119 1393 157 S.

298 237 376 267 tem
387 229 451 271 e)„
474 226 500 264 fi
518 238 610 265 cum-
627 226 765 264 finistro
779 227 1065 275 comparaveris:
1097 226 1247 264 demum
1266 227 1373 263 etiam
1396 238 1504 263 venas
1521 226 1748 275 pulmonales
1762 226 1866 266 simul

300 285 431 323 sumtas
457 283 596 321 lumina
624 285 767 320 minora
792 295 902 332 quam
935 282 1017 319 sunt
1044 294 1218 320 venarum
1247 294 1415 320 cavarum
1439 284 1630 331 conjunc‘ta
1654 282 1858 332 luminas).

303 341 445 379 Contra
471 340 533 376 ista
564 342 601 376 in
629 339 755 376 adulto
792 339 945 375 homine
973 338 1195 376 ventriculos
1233 339 1384 389 aequales
1410 337 1478 377 effe
1495 367 1504 381 ,
1538 340 1574 376 ἃ
1599 352 1701 378 aures
1717 346 1765 389 g)
1784 368 1794 384 ‚
1829 341 1866 377 δε

305 398 472 435 arteriam
491 395 743 444 pulmonalem
769 394 879 444 paulo
901 406 1011 444 quam
1038 403 1140 432 antea
1167 397 1350 432 minorem
1369 395 1420 440 h).

423 476 478 520 Ex
494 477 564 513 istis
587 475 804 513 conficiebat
827 477 881 513 vir
907 475 962 513 (31.
986 477 1141 514 omnino
1163 484 1292 525 praeter
1314 489 1392 514 rem
1412 476 1617 515 Gur-:Num
1638 505 1648 519 ‚
1681 483 1742 514 aut
1759 475 1867 514 HAR-

313 544 443 576 vmum
464 561 475 575 ‚
507 532 717 580 sanguinem
749 543 795 570 ex
823 531 901 570 finu
935 532 1066 570 dextro
1084 561 1093 576 ‚
1143 534 1180 569 in
1218 532 1420 577 sinistrum,
1453 545 1519 582 per
1544 532 1709 570 foramen
1736 532 1864 574 ovale²

313 588 460 628 duxisse.

428 668 471 707 Id
502 669 599 706 enim
624 668 648 706 fi
674 681 801 707 verum
828 667 913 706 effet
933 698 942 711 ‚
975 669 1220 708 ventriculum
1242 669 1420 707 sinistrum
1436 669 1517 719 plus
1540 669 1720 718 sanguinis
1743 681 1869 718 accep.-

314 735 437 764 turum
451 754 460 768 ‚
488 737 597 774 quam
614 727 651 762 in
669 725 793 763 adulto
817 725 969 762 homine
985 754 995 767 ‚
1028 727 1205 774 majorem
1226 739 1315 774 ergo
1338 726 1525 768 futurum,
1549 726 1584 762 &
1605 732 1742 762 aortam
1762 727 1869 762 etiam

313 782 486 830 sanguine
512 781 649 819 melam
672 780 702 824 i>
719 803 742 824 ‚>
762 783 825 830 qui
853 794 917 830 per
945 781 1111 819 foramen
1138 782 1242 819 ovale
1268 782 1373 820 fluxit
1389 811 1399 825 ‚
1432 783 1608 829 majorem
1634 782 1736 824 fore,
1760 793 1869 830 quam

315 840 441 876 arteria
466 838 707 886 pulmonalis,
740 840 800 876 cui
817 838 892 875 haec
914 837 986 887 ipsa
1007 838 1186 886 sanguinis
1207 851 1322 888 penus
1343 838 1494 876 decedit.
1558 837 1669 875 Nunc
1691 838 1871 875 contraria

315 895 349 932 ie
370 895 536 943 reperire.

429 974 651 1022 Sanguinem
678 974 769 1011 adeo
793 976 1019 1012 contrarium
1045 987 1108 1023 per
1130 975 1295 1013 foramen
1317 976 1420 1012 ovale
1439 977 1504 1012 iter
1531 975 1629 1023 sequi
1643 974 1691 1017 h).
1735 973 1871 1010 Venire

315 1022 467 1080 Quidem
492 1042 641 1068 omnem
666 1031 703 1067 in
728 1031 973 1068 ventriculum
1000 1030 1171 1068 dextrum
1188 1059 1197 1074 ‚
1231 1033 1295 1081 qui
1320 1032 1369 1068 ob
1392 1044 1470 1069 eam
1494 1030 1631 1068 causam
1669 1037 1770 1068 tanto
1797 1040 1873 1065 ma-

316 1088 374 1135 jor
395 1115 405 1130 ,
438 1099 546 1136 quam
570 1085 703 1123 sinister
723 1086 774 1123 fit.
818 1085 955 1124 Venire
983 1098 1134 1124 omnem
1163 1089 1201 1125 in
1226 1089 1392 1125 arteriam
1412 1087 1662 1138 pulmonalem
1679 1115 1689 1130 ,
1722 1097 1802 1136 quae
1836 1084 1873 1121 &

317 1143 390 1193 ipsa
419 1143 504 1181 ideo
531 1150 671 1180 aortam
699 1142 849 1192 superet.

431 1223 609 1262 Naturam
641 1225 680 1260 in
710 1224 785 1261 fetu
815 1223 998 1272 sanguinis
1025 1225 1221 1262 circuitum
1250 1225 1456 1262 breviorem
1482 1223 1641 1262 reddere.

432 1304 576 1344 Partem
592 1303 779 1343 abduxisse
793 1306 838 1342 ab
855 1307 991 1343 arteriae
1008 1306 1228 1355 pulmonalis
1243 1315 1374 1344 trunco
1396 1318 1461 1355 per
1476 1304 1688 1344 arteriosum
1705 1303 1874 1342 due‘tum:

321 1368 486 1412 partem,
519 1373 629 1411 quam
659 1361 751 1400 adeo
776 1373 840 1410 per
869 1361 1076 1400 universum
1102 1375 1236 1412 corpus
1266 1375 1343 1400 non
1369 1361 1507 1400 necesse
1531 1361 1573 1398 fit
1599 1361 1810 1403 circumire,
1830 1371 1876 1397 ex

321 1417 458 1455 finistro
478 1417 556 1454 finu
583 1419 621 1453 in
646 1417 816 1454 dextrum
843 1419 1029 1456 remittere
1047 1447 1057 1461 ‚
1090 1426 1132 1456 ut
1155 1420 1258 1457 brevi
1283 1420 1412 1456 itinere
1430 1431 1495 1467 per
1520 1417 1606 1456 duas
1629 1429 1730 1455 aures
1758 1417 1794 1453 &
1811 1427 1875 1465 pet

321 1474 539 1523 pulmonem
572 1473 690 1511 solum
721 1475 920 1511 circumeat
943 1469 988 1523 l).

435 1553 488 1593 Ita
512 1553 615 1591 facile
639 1553 820 1602 intelligi,
852 1566 917 1591 cur
942 1561 1043 1592 aorta
1063 1582 1073 1597 ,
1107 1556 1210 1592 tertia
1235 1563 1336 1603 parte
1363 1554 1542 1603 sanguinis
1560 1554 1679 1591 dextri
1699 1582 1708 1596 ,
1743 1564 1876 1601 nempe

324 1611 497 1659 sanguine
522 1610 708 1646 foraminis
731 1609 843 1647 ovalis
863 1611 1026 1658 privata,
1060 1610 1096 1647 Sc
1127 1612 1233 1648 etiam
1269 1613 1306 1647 in
1341 1612 1433 1649 ostio
1467 1610 1529 1648 suo
1565 1623 1641 1647 non
1671 1610 1874 1657 recipiens,

326 1667 426 1717 quod
451 1667 598 1704 inferius
624 1667 782 1704 demum.
800 1666 927 1704 ductus
952 1666 1142 1704 arteriosus
1172 1668 1208 1703 in
1234 1676 1405 1705 truncum
1439 1666 1706 1704 abdominalem
1731 1665 1874 1708 aufert,

326 1731 499 1761 truncum
533 1722 578 1760 de
608 1722 720 1760 corde
739 1721 985 1771 prodeuntem
1000 1724 1184 1760 minorem
1205 1723 1351 1761 habeat:
1384 1723 1514 1760 deinde
1538 1734 1603 1760 cur
1627 1722 1759 1759 sinister
1783 1720 1877 1758 finus

327 1779 510 1828 angustior
531 1778 595 1821 fit,
628 1791 713 1816 cum
740 1779 867 1815 dexter
893 1779 929 1815 Sc
955 1791 1104 1815 omnem
1125 1779 1335 1827 sanguinem
1359 1791 1531 1818 venarum
1553 1790 1721 1818 cavarum
1737 1777 1876 1819 habeat,

329 1836 367 1873 &
392 1843 572 1884 praeterea,
590 1834 802 1883 sanguinem
834 1847 853 1872 a
879 1833 956 1872 smu
985 1834 1122 1872 sinistro
1147 1835 1312 1873 refluum.

440 1915 607 1954 Addebat
627 1915 680 1960 m)
694 1943 705 1959 ,
737 1916 825 1954 ostia
846 1928 1018 1955 venarum
1039 1915 1307 1966 pulmonalium
1326 1923 1490 1954 accurate
1520 1915 1666 1953 obversa
1693 1912 1760 1952 effe
1784 1913 1879 1950 fora-

1788 1981 1878 2006 num

370 2058 398 2092 e)
419 2058 517 2089 Tertia
530 2065 610 2097 parte
623 2059 754 2088 circulat.
767 2067 792 2095 p.
813 2068 853 2088 ιο.
881 2060 975 2089 Mem.
988 2060 1022 2088 de
1033 2059 1146 2091 l'Acad.
1168 2068 1252 2096 1703.
1269 2068 1296 2097 ρ.
1309 2068 1375 2095 4ις;
1402 2058 1509 2096 Quarta
1534 2057 1659 2087 Μυκη
1674 2066 1701 2094 p.
1717 2065 1784 2092 204.
1833 2056 1879 2086 Sic

330 2098 390 2129 fere
406 2100 420 2128 s.
456 2101 529 2129 Auo.
549 2109 568 2128 A
583 2099 711 2129 BussGnN
728 2099 757 2126 in
770 2099 886 2135 pentad.
905 2098 962 2128 ubs.
979 2109 1006 2128 n.
1022 2110 1048 2134 4.

364 2139 402 2178 s)
426 2140 523 2169 sil-nn?
539 2142 572 2168 tle
589 2141 615 2169 la
630 2140 800 2168 circulatio-n
815 2149 841 2176 p.
860 2143 923 2176 ³⁶7·

366 2180 400 2216 g)
428 2179 523 2209 Mur
537 2181 569 2209 de
582 2181 683 2209 lacirc.
702 2188 728 2215 p.
751 2189 792 2208 ιο.
818 2180 954 2210 Memoir.
969 2182 1001 2209 de
1016 2189 1095 2217 ¹703·
1115 2189 1141 2217 p.
1156 2188 1222 2215 421.
1237 2189 1294 2214 414
1331 2180 1376 2210 Sic
1388 2188 1469 2208 aures
1486 2180 1515 2207 in
1530 2176 1627 2207 adalto
1646 2187 1663 2214 p
1688 2186 1756 2212 414.

371 2221 403 2255 h)
428 2220 553 2249 errssr
573 2229 599 2256 p.
619 2221 747 2254 194.&c.

372 2261 397 2296 i)
418 2261 506 2290 Aseni
528 2262 561 2288 de
574 2260 686 2290 l’Acad.
708 2263 792 2294 ¹⁶99-
807 2268 833 2296 p.
851 2263 895 2287 26.
911 2259 968 2297 sqq.
990 2262 1024 2289 de
1038 2262 1065 2290 ln
1081 2261 1251 2289 circulatio»
1266 2269 1294 2297 p.
1310 2269 1357 2296 49.
1377 2260 1429 2289 ἃς.

373 2299 404 2334 k)
424 2301 518 2330 λίθω.
537 2307 636 2329 avant,
658 2308 714 2328 anu
745 2303 826 2330 ιόςο.
845 2299 879 2328 Τ.
894 2300 931 2328 X.
951 2309 977 2337 p.
997 2304 1030 2336 65
1058 2300 1116 2337 sqq.

382 2340 406 2374 l)
430 2342 474 2368 De
495 2341 522 2368 la
542 2341 712 2368 circulation
731 2349 756 2375 p.
781 2349 843 2372 1<5.
865 2341 918 2370 dte.

374 2388 417 2416 m)
433 2382 478 2409 De
492 2380 519 2409 lu
534 2381 704 2409 circulatim
716 2389 744 2416 p.
760 2387 804 2416 31.
819 2389 864 2414 40.
880 2389 942 2417 ¹23·
