1955 2732
709 102 1066 155 Qwsse&

163 241 760 253 ---—-—.-.-—-———--—-—
764 242 1457 264 —Q———Q'ss—
1462 246 1606 255 ——-

677 330 1005 373 SECTIO
1053 333 1107 373 ΙΙ.

336 446 784 487 PRIMORDIA
828 447 1019 489 NOVI
1067 449 1448 514 ANIMALJS.

844 579 877 622 §-
910 574 938 614 I.

111 663 282 743 {terum
315 704 593 755 ingratissimum
618 707 709 744 mihi
740 708 927 757 impendet
953 719 1047 758 opus
1065 738 1075 751 ‚
1107 709 1261 747 scribere
1286 709 1331 747 de
1357 711 1398 748 iis
1414 739 1422 754 ,
1455 723 1535 761 quae
1557 712 1681 750 multis

110 772 129 797 a
158 770 283 800 natura
310 763 549 811 circumjeclis
579 765 738 802 tenebris
766 765 882 803 velata
899 795 908 809 ‚
942 765 1108 804 sensuum
1145 766 1219 804 luci
1253 766 1451 811 inaccessa,
1483 768 1682 806 hominum

110 820 294 867 agitantur
320 821 580 869 opinionibus:
617 822 685 859 erit
706 820 750 859 de
781 823 825 859 iis
857 822 1004 860 ferenda
1029 824 1202 861 sententia
1219 852 1230 866 ‚
1263 825 1301 860 in
1329 826 1462 873 quibus
1488 825 1591 875 quod
1613 825 1682 863 dis-

109 874 264 924 pliceat,
288 877 389 926 quod
413 876 599 914 infirmum
625 877 688 922 fit,
715 880 852 928 ubique
875 880 908 917 se
926 879 1036 918 offert
1052 909 1061 923 ‚
1095 880 1133 917 id
1155 888 1277 918 autem
1300 880 1500 930 parciffime
1515 911 1524 925 ,
1549 884 1586 919 in
1605 895 1681 933 quo

111 933 253 971 animus
269 962 279 976 ‚
312 942 498 983 tamquam
525 935 564 971 in
589 933 698 973 firmo
720 936 845 986 aliquo
871 936 1134 980 fundamento,
1168 936 1382 988 adquiescat.
1417 938 1532 977 Erunt
1548 939 1682 977 libran-

112 988 156 1026 da
189 1001 275 1028 cum
303 991 554 1039 phaenomenis
587 994 768 1031 contraria
794 993 1037 1043 phaenomena
1063 1023 1074 1038 ‚
1116 1006 1201 1032 cum
1247 997 1471 1043 argumentis
1501 997 1682 1034 contraria

111 1053 346 1095 argumenta,
376 1054 417 1084 ut
442 1047 593 1085 demum
622 1049 714 1085 nihil
743 1049 895 1088 doceam
925 1053 1059 1089 certius
1076 1079 1086 1094 ,
1119 1063 1229 1101 quarn
1256 1051 1347 1088 nihil
1372 1064 1432 1090 me
1460 1053 1603 1091 docere.
1637 1051 1683 1091 Et

112 1103 163 1140 est
196 1110 319 1140 tamen
345 1105 455 1141 etiam
477 1105 526 1150 ‚in
561 1104 812 1154 desperatione
846 1107 892 1144 de
926 1107 1164 1157 problematis
1205 1107 1388 1147 solutione
1421 1109 1481 1147 sua
1515 1110 1650 1148 utilitas
1669 1139 1679 1154 ‚

109 1160 401 1209 proximumque
428 1161 478 1197 est
509 1173 597 1198 vero
616 1189 626 1204 ,
659 1162 751 1199 nihil
779 1162 941 1206 docere,
973 1164 1076 1213 quod
1101 1164 1227 1202 falsum
1256 1164 1307 1202 fit.

222 1240 454 1291 Inquiremus
475 1243 597 1291 primo
611 1272 621 1286 ‚
641 1243 739 1281 unde
761 1246 909 1282 materia
923 1246 1012 1282 novi
1033 1245 1194 1283 animalis
1214 1246 1381 1284 advenIat
1398 1259 1408 1292 3
1442 1247 1574 1286 deinde
1601 1250 1682 1299 qui-

110 1298 178 1336 bus
205 1310 224 1335 a
251 1297 362 1336 causis
387 1311 426 1336 ea
460 1301 609 1336 materia
634 1301 671 1337 in
696 1301 828 1338 animal
859 1303 1086 1340 construatur
1107 1331 1116 1346 ,
1153 1303 1259 1352 quale
1295 1316 1340 1340 ex
1372 1308 1618 1355 conceptione
1644 1308 1683 1344 in

113 1354 247 1392 femina
276 1355 437 1393 subnasci
465 1357 698 1395 ostendimus.
763 1357 854 1396 Tres
890 1366 1014 1397 autem
1051 1361 1091 1397 in
1121 1360 1331 1397 universum
1362 1360 1430 1399 hac
1463 1362 1509 1400 de
1538 1364 1682 1411 origine

111 1411 194 1449 sunt
218 1414 413 1461 opIniones
430 1442 440 1456 ,
481 1426 636 1463 quarum
664 1414 730 1452 alia
755 1426 799 1452 ex
826 1427 946 1459 mare,
982 1428 1028 1453 ex
1056 1416 1191 1453 femina
1216 1417 1367 1455 secunda
1390 1447 1399 1461 ‚
1434 1421 1537 1457 tertia
1565 1432 1610 1456 ex
1640 1433 1682 1458 u-

112 1476 246 1519 troque
275 1477 425 1518 parente
452 1472 641 1508 materiam
674 1472 888 1521 embryonis
926 1474 1068 1522 repetit.
1130 1471 1264 1512 Earum
1293 1474 1463 1513 senarum
1494 1477 1682 1514 audiendae

110 1525 195 1564 sunt
214 1528 399 1574 rationes3
434 1528 470 1564 &
499 1526 524 1564 fi
551 1527 641 1565 nihil
676 1530 764 1566 certi
790 1529 909 1579 potest
933 1530 1100 1573 confici,
1132 1530 1330 1580 supererit,
1366 1539 1405 1570 ut
1435 1533 1537 1583 quod
1566 1534 1682 1582 magis

112 1581 154 1620 fit
185 1583 372 1632 probabile
391 1613 401 1627 ,
434 1584 472 1621 id
496 1597 560 1634 per
584 1584 660 1623 suas
687 1585 806 1623 causas
830 1586 1072 1625 ostendamus„

377 1709 409 1751 ἓ.
440 1705 485 1744 ΙΙ.
547 1705 649 1743 Num
676 1719 721 1744 ex
743 1706 917 1756 commisto
931 1706 1068 1756 semine
1091 1710 1274 1756 utriusque
1290 1708 1409 1758 fixus.

227 1794 403 1834 Diximus
425 1798 463 1841 a)
491 1798 682 1847 antiquos,
718 1805 847 1848 praeter
877 1798 980 1836 virile
1009 1798 1128 1836 semen
1149 1827 1158 1842 ,
1193 1801 1301 1837 etiam
1322 1800 1542 1839 femininum
1567 1802 1683 1839 admi-

113 1850 196 1890 fiffe.
257 1852 476 1891 Proximum
501 1861 601 1898 erat,
633 1862 676 1892 ut
699 1867 746 1893 ex
770 1856 812 1892 iis
837 1855 1032 1893 seminibus
1061 1857 1265 1904 conjunclis
1296 1856 1389 1895 setus
1414 1858 1641 1896 formaretur.

225 1934 304 1984 Ipse
322 1934 414 1973 adeo
434 1934 720 1975 HIPPOCRATES
739 1966 749 1980 ‚
780 1944 843 1976 aut
866 1944 963 1975 certe
974 1933 1014 1986 h)
1037 1938 1161 1976 audlor
1182 1938 1263 1975 libri
1284 1936 1324 1986 c)
1340 1939 1434 1976 inter
1451 1938 1681 1978 prpocm-

117 2002 236 2029 'ficos
259 1994 407 2041 recepti,
429 2005 448 2030 a
468 1993 604 2030 semine
628 1994 799 2032 muliebri
816 1994 1012 2043 praevalido
1039 1995 1256 2033 muliebrem
1284 1995 1400 2033 fetum
1417 1996 1511 2033 nasci
1532 1996 1671 2039 docuit,

116 2047 316 2086 masculum
336 2061 355 2084 a
379 2051 549 2088 vincente
572 2052 679 2088 maris
699 2050 845 2090 semine.
906 2049 1083 2089 Eamdem
1106 2052 1317 2089 sententiam
1330 2081 1339 2095 ,
1367 2055 1489 2101 paucis
1506 2055 1653 2091 muratis
1670 2082 1678 2096 ,

117 2103 395 2144 AR1sT0TELEs
421 2105 461 2151 d>
493 2107 668 2157 repetiit,
700 2115 743 2146 ut
766 2115 889 2146 tamen
913 2107 1017 2147 sexus
1044 2109 1088 2146 ab
1115 2110 1191 2157 ejus
1219 2108 1362 2146 seminis
1389 2111 1521 2156 majori
1544 2110 1679 2147 robore

860 2163 894 2204 K
927 2176 944 2210 3
1544 2166 1681 2215 pendo-

155 2270 191 2347 57}
212 2279 364 2343 &exilia
386 2314 500 2351 penitus
521 2312 663 2344 sententia
681 2313 721 2344 est
743 2315 867 2346 auctoris
890 2315 1163 2353 HIPPOCRAT1<21‚
1186 2315 1234 2353 qui
1257 2318 1289 2345 dc
1311 2317 1395 2346 dista
1418 2314 1537 2353 scripsit.

160 2352 190 2387 c]
212 2363 282 2401 1329*
300 2368 398 2400 Ὺῡνης-
420 2374 448 2395 n.
467 2374 492 2403 7.
512 2365 566 2396 &c.

161 2403 195 2438 d]
218 2407 264 2435 De
285 2415 377 2442 gener.
402 2408 492 2437 mu'm.
519 2406 550 2437 L.
567 2404 614 2436 IV.
640 2415 666 2436 c.
685 2415 709 2436 ι,
