1955 2732
540 125 1171 174 ADDENDA:
1565 136 1646 174 12‘7

61 230 232 283 reperio,
265 236 309 270 ut
335 230 376 270 in
406 229 534 280 lepore
564 229 707 267 marino
749 226 1046 268 BonAnscu.
1077 229 1186 267 anim.
1226 229 1358 268 marin.
1391 240 1427 280 p.
1456 237 1520 278 36.
1555 227 1651 269 Nul-

62 292 98 331 la
119 295 157 330 in
185 292 331 342 mytulo
359 290 588 332 Bormum
628 296 783 337 contemp
826 290 865 326 de
888 289 924 326 la
952 288 1105 327 Nature.
1144 287 1172 328 1.
1196 301 1232 340 p.
1259 300 1321 337 59.
1363 289 1475 329 Nulla
1504 292 1543 329 in
1565 301 1646 329 erue

63 364 104 390 ca
131 352 194 390 Lv
208 365 231 391 o
245 364 269 390 N
288 363 313 389 N
327 363 385 390 ΕΤ
416 363 450 401 p.
483 361 580 397 427.
610 347 722 388 Nulla
736 376 747 392 ,
782 355 962 398 quantum
984 347 1093 387 video
1108 376 1117 391 ,
1153 350 1191 387 in
1209 349 1376 400 polypis,
1411 352 1520 389 etiam
1540 361 1646 400 gran-

62 410 180 450 dibus.
225 412 310 450 Alio
340 410 458 449 modo
496 410 587 448 adeo
613 408 788 447 humores
824 409 862 446 in
895 410 949 446 his
979 407 1195 448 animalibus
1228 411 1370 448 moveri
1406 409 1544 449 neceffe
1582 410 1641 448 est,

123 471 161 510 P.
185 483 200 518 5
212 484 247 516 9.
261 471 345 521 sqq.
374 470 557 519 Compara
576 468 631 508 Cl.
651 468 695 506 de
718 467 749 505 la
765 468 788 506 S
801 480 826 506 ο
840 479 865 506 Ν
880 480 901 506 ε
923 468 1204 518 descriptionem
1220 470 1258 507 in
1277 468 1430 507 me‘moir.
1451 471 1490 508 de
1505 461 1642 508 l’Acud,

61 542 144 569 ann.
177 536 292 576 ¹756·
327 542 398 580 qua
429 530 601 579 pleraque
632 528 842 566 nostrorum
875 527 1147 566 confirmantur.
1198 528 1322 569 Fibras
1355 529 1572 572 circulares,
1606 528 1644 567 δε

62 590 162 641 quafi
203 590 420 640 sphinstcres
453 590 666 627 ambeuntes
701 600 925 637 magnorum
955 587 1120 627 vasorum
1146 588 1234 627 ostia
1267 588 1376 628 habet
1401 590 1455 627 vir
1487 589 1580 628 Im..
1600 600 1638 638 p,

67 660 157 694 123.
198 660 285 695 125.
323 661 336 685 1
357 657 414 687 .6.
450 647 660 686 cellulosam
693 648 860 684 intimam
896 659 930 698 p.
970 658 1071 694 127:
1095 647 1133 684 &
1165 647 1247 687 dele
1279 648 1324 687 de
1347 661 1381 700 p.
1410 653 1475 696 65.
1507 649 1552 688 de
1584 659 1641 686 ea-

60 707 143 746 dem
174 710 425 747 testimonium
449 709 480 747 A
494 721 514 745 1,
528 720 574 745 131
597 721 614 743 N
633 719 646 744 1
684 707 782 755 apud
817 705 936 746 Wrs
952 720 967 745 s
981 721 996 744 ε
1012 719 1033 745 1,
1047 719 1059 745 ι
1073 719 1098 745 N
1113 718 1139 745 G
1153 719 1167 746 1
1183 721 1202 746 u
1216 719 1257 747 n.

118 768 155 807 P.
179 781 244 815 70.
279 770 428 807 Arteriae
455 767 633 805 insenfiles
661 765 743 804 suut
771 765 1021 805 Pou'rnAu
1060 779 1085 817 p
1123 777 1190 814 74.
1222 766 1438 808 Fonun
1463 777 1539 818 exp.
1569 780 1635 817 43.

58 839 124 876 45.
154 840 189 877 p.
209 838 301 866 201.
339 827 418 877 lpse
442 827 611 865 LAGiss
646 827 682 863 in
711 826 856 865 duobus
879 828 1141 877 experimentis
1172 827 1271 875 Epst.
1306 827 1364 866 ΙΙ.
1394 839 1430 878 p.
1452 839 1487 872 9.

140 886 176 925 P.
200 899 265 933 7¹·
300 887 392 926 Non
417 886 499 926 sunt
529 886 717 924 irritabiles
755 885 961 925 ΒΑττιε
1003 889 1154 935 princip.
1191 899 1225 937 p.
1267 898 1356 934 ¹44-
1403 896 1496 933 145.
1540 895 1634 935 143.

55 945 169 985 VAN
185 959 240 986 DE
256 959 376 985 unos
404 949 480 985 viv.
501 957 593 994 corp.
624 947 717 984 hum.
739 945 841 995 solui.
871 958 955 996 exp.
988 956 1024 991 9.
1063 945 1202 986 Caro
1220 958 1289 985 An.
1323 959 1356 997 p.
1388 955 1483 992 333.
1517 948 1595 989 Nifi
1615 963 1635 988 a

56 1018 203 1045 veneno
232 1010 400 1046 chemico
432 1005 469 1044 V
482 1019 505 1044 A
519 1018 545 1045 N
558 1018 582 1044 D
595 1017 616 1044 ε
631 1020 650 1042 N
667 1017 686 1043 Β
701 1017 724 1044 0
743 1018 759 1043 s

113 1065 151 1105 P.
179 1077 232 1113 74
292 1067 405 1106 Etiam
435 1066 510 1103 aliae
546 1067 681 1103 arteriae
710 1064 842 1114 sponte
874 1071 1122 1115 rumpuntur,
1158 1072 1200 1104 ut
1225 1068 1264 1104 in
1292 1066 1439 1116 pestore
1476 1075 1634 1110 externo

60 1125 185 1174 Opusc.
209 1128 331 1173 patho!
371 1129 439 1163 obs.
468 1135 534 1169 32.
556 1126 593 1162 in
620 1125 761 1162 femore
796 1123 1051 1163 Guums
1068 1137 1081 1163 1
1111 1126 1306 1174 aneurysm.
1339 1126 1404 1165 obs.
1440 1138 1477 1165 2.
1512 1127 1555 1167 In
1571 1143 1634 1169 cu·-

53 1192 90 1223 te
118 1187 255 1228 cranii,
289 1197 354 1235 per
386 1183 646 1234 cephalalgiam
681 1186 768 1233 lz‘pasv.
809 1184 892 1221 Nat.
936 1188 1015 1221 cur.
1054 1186 1134 1222 [Jec.
1170 1187 1196 1222 Ι.
1232 1198 1314 1223 ann.
1347 1192 1380 1229 8.
1409 1186 1475 1236 obs
1500 1201 1563 1235 72.
1593 1192 1634 1230 in
1691 1214 1703 1220 —

53 1244 178 1294 palato
201 1244 244 1284 G.
279 1257 313 1283 v.
348 1244 445 1283 Swi
468 1256 524 1283 ET
542 1250 599 1283 EN
648 1246 777 1282 Comm.
810 1242 855 1282 T.
876 1242 952 1282 1v.
985 1255 1020 1296 p.
1038 1254 1077 1292 4.
1106 1245 1146 1282 in
1173 1245 1287 1284 corde
1320 1246 1405 1295 Eph.
1431 1247 1520 1287 Nat.
1545 1246 1631 1290 Cur,

22 1305 32 1308 ”
58 1305 138 1344 Vol.
165 1303 209 1343 V.
237 1305 303 1347 obs]
343 1317 431 1350 141·

111 1363 149 1402 P.
171 1374 237 1411 75.
271 1363 363 1402 Vasa
400 1365 540 1403 interna
569 1362 822 1413 cartilaginum
849 1364 887 1401 in
921 1363 1031 1413 pullis
1065 1366 1190 1403 avium
1217 1363 1294 1403 fuse
1326 1364 1492 1416 descripsi
1514 1366 1627 1416 form.

50 1424 110 1462 des
132 1437 192 1463 os:
225 1432 307 1463 tum
333 1425 373 1462 in
407 1423 559 1462 homine
585 1422 638 1462 Cl.
689 1421 814 1461 WAL
831 1433 1012 1467 TERUS,
1046 1426 1111 1474 qui
1140 1425 1250 1462 etiam
1277 1425 1404 1463 icones
1432 1425 1557 1471 dedit,
1590 1430 1630 1468 in

52 1483 204 1532 osteolog.
234 1495 395 1532 german.
429 1483 578 1532 scripta.

111 1540 149 1580 P.
171 1555 224 1589 77
273 1541 480 1581 Divifiones
506 1541 673 1579 vasorum
701 1543 795 1578 inter
823 1548 963 1578 aortam
982 1541 1018 1578 δι
1035 1541 1244 1580 arteriolam
1267 1544 1367 1581 unici
1396 1544 1542 1592 globuli
1562 1559 1631 1590 nu,

48 1610 165 1642 metat
189 1603 320 1652 viginti
354 1602 390 1639 δι
415 1609 487 1640 tres
520 1599 575 1639 Cl.
601 1599 646 1638 de
678 1598 772 1637 SAu
792 1610 957 1638 VAGES.
991 1598 1107 1638 Mem.
1141 1600 1181 1638 de
1201 1604 1352 1640 berlin..
1388 1615 1472 1641 ann.
1504 1616 1628 1653 1755,

51 1673 86 1712 P·
112 1672 163 1708 45
172 1691 180 1699 ·

110 1720 145 1759 P.
171 1727 234 1768 84.
289 1722 317 1759 Α
345 1720 562 1759 distentione
583 1720 718 1766 arteriae
745 1718 958 1768 serpentinae
981 1717 1184 1757 redduntur
1201 1747 1211 1762 ‚
1246 1726 1287 1758 ut
1318 1721 1356 1759 in
1377 1721 1544 1761 vasorum
1576 1737 1630 1763 ar-

49 1780 199 1819 tificiosa
232 1780 464 1830 repletione3
499 1782 536 1818 &
557 1781 596 1817 in
622 1791 725 1817 ramo
751 1778 906 1821 laterali,
941 1779 978 1815 in
1005 1790 1117 1828 quem
1134 1806 1144 1821 ‚
1178 1778 1263 1829 post
1285 1781 1471 1820 vinculum
1494 1791 1630 1823 trunco

48 1841 221 1889 injeffwm
251 1869 260 1884 ,
303 1840 445 1890 sanguis
485 1851 581 1879 nova
621 1840 657 1877 vi
701 1839 883 1876 incumbit
922 1837 1243 1877 Mormnn
1286 1841 1384 1890 apud
1421 1842 1630 1883 Senam.

50 1911 141 1938 nen
174 1899 344 1948 almugest.
385 1912 421 1950 p.
445 1910 539 1946 245.
576 1898 754 1948 Compar.
789 1897 834 1936 T.
860 1897 914 1935 11.
951 1910 987 1949 p.
1020 1908 1113 1943 173.

109 1959 147 1998 P.
166 1967 228 2002 86.
276 1959 417 1998 Trunci
448 1957 607 1998 arteriosi
630 1969 676 1997 ex
702 1960 810 1996 ramis
837 1957 1080 2002 confluentis,
1114 1959 1322 2009 iterumque
1350 1961 1387 1998 in
1417 1973 1541 2001 ramos
1574 1963 1628 2001 di.

50 2019 134 2062 visi,
169 2020 380 2069 exemplum
409 2020 521 2058 exstat
550 2021 588 2057 in
613 2017 666 2070 JA
683 2030 746 2057 mx
763 2030 784 2056 ε
807 2016 942 2067 foram,
962 2018 1096 2057 calcar.
1123 2029 1160 2068 p.
1177 2023 1202 2057 6
1209 2024 1241 2062 8.
1276 2029 1343 2066 71.
1371 2027 1436 2067 72.
1453 2030 1478 2059 t.
1503 2032 1535 2060 1.
1559 2035 1622 2073 gg.

48 2085 73 2117 t.
92 2090 128 2117 2.
152 2079 211 2118 dd.
239 2091 268 2117 a.
303 2080 338 2117 b.

106 2154 144 2192 P.
174 2161 237 2199 87.
275 2153 457 2193 Omnium
482 2155 641 2193 minimae
672 2153 754 2193 sunt
781 2151 1025 2192 anastomoses
1061 2154 1271 2193 arteriarum
1303 2153 1511 2192 dextrarum
1539 2164 1626 2192 cum

49 2211 190 2252 finistris
235 2212 376 2263 Lingua
410 2215 455 2252 ab
475 2215 629 2254 incisore
656 2213 814 2265 repleta,
848 2225 914 2264 per
945 2213 1110 2252 medium
1136 2212 1246 2255 divisa
1266 2213 1336 2254 fuit
1367 2216 1406 2253 in
1433 2214 1559 2253 album
1577 2213 1626 2252 la,

49 2278 107 2312 tus
125 2301 135 2318 ,
169 2274 394 2326 rubrumque
417 2272 595 2314 Home
613 2287 639 2314 a
679 2276 867 2315 Comment.
905 2285 942 2325 p.
980 2284 1042 2319 33.

1459 2343 1497 2386 P,
1527 2357 1541 2383 i
1558 2358 1571 2384 i
1584 2350 1626 2385 οξ
