1955 2732
269 118 1421 164 SEOT.11.STATUSHOMIN18.
1588 136 1639 173 59

117 218 189 257 Sed
215 219 324 256 etiam
347 216 502 255 musculi
519 214 759 264 turgescendo
793 216 926 252 vicinas
966 215 1216 255 cellulofitates
1233 247 1242 260 ‚
1276 219 1416 257 vicinos
1435 219 1640 263 musculos.

57 278 182 317 aliasve
211 286 327 327 partes
359 276 521 314 animalis
559 276 723 324 corporis
754 274 987 312 vehementer
1024 282 1156 324 urgent
1187 277 1224 314 δε
1252 277 1430 317 adteruut.
1495 279 1643 318 Notum

58 337 133 380 est,
167 336 372 375 musculum
405 334 563 372 tibialem
584 336 802 371 anteriorem
830 346 871 372 os
904 335 1000 371 tibiae
1026 337 1182 373 exterius
1215 348 1408 380 excavare,
1445 339 1482 375 &
1503 340 1540 375 in
1565 342 1645 376 uni-

56 395 200 436 versum
232 396 356 434 omnia
382 393 454 432 offa
483 394 594 442 longa
612 421 621 435 ,
655 395 693 430 in
724 394 799 430 fetu
825 393 983 430 rotunda
1002 421 1011 436 ,
1045 395 1084 431 in
1115 395 1241 432 adulto
1270 395 1424 434 homine
1451 397 1645 447 triangula-2

58 459 110 494 ria
134 454 201 493 effe
233 456 315 501 (a)
348 453 450 503 quod
473 454 579 491 unice
603 452 733 489 astioni
757 453 1053 491 accumbentium
1077 453 1328 493 musculorum
1362 456 1524 495 debetur.
1575 456 1647 494 Sed

58 518 99 553 in
123 514 206 564 ipsis
233 512 402 551 musculis
433 511 611 550 notiffima
651 511 851 549 observatio
883 511 958 553 est,
985 513 1196 562 ubicunque
1231 514 1307 552 duo
1340 518 1464 565 magni
1495 515 1647 553 musculi

59 572 94 612 se
118 574 228 611 vicini
255 570 480 614 confricantss
504 572 555 608 ibi
574 579 770 620 utrumque
788 572 823 607 in
842 570 1050 608 tendineam
1075 573 1313 619 gracilitatem
1327 575 1444 613 abire:
1480 582 1576 613 tanta
1595 576 1646 612 vis

58 644 194 682 nempe
213 631 262 669 est
287 631 481 673 friffionis,
516 637 556 668 ut
583 628 667 667 vasis
699 629 876 679 plerisque
905 629 1113 668 musculofis
1137 631 1283 675 deletis.
1321 633 1556 672 cellulositate
1587 640 1649 672 aut

59 692 185 741 stipata
207 719 217 734 ‚
258 697 320 729 aut
348 690 520 728 destrusta
540 717 550 732 ,
592 688 756 726 tendines
789 701 858 738 pro
883 689 999 727 rubris
1021 717 1031 732 ,
1066 689 1240 729 mollibus
1271 693 1309 729 δι
1342 693 1649 742 ρυίροῐῐε,’ἀυῑ·ἱ

60 750 257 800 splendidi.
292 747 526 799 albiffimique
556 747 663 790 fiant,
700 750 753 786 uti
777 750 815 785 iri
836 749 1054 786 mechanicis
1079 750 1196 787 vicina
1224 762 1404 800 corpora.
1440 764 1520 802 quae
1546 751 1649 800 super

61 810 97 848 fe
117 817 313 847 moventur
329 836 339 850 ‚
374 810 411 845 in
438 807 623 845 leviffimas
651 807 854 857 superficies
880 807 993 846 adteri
1023 806 1149 846 solent.
1187 809 1240 847 Ita
1266 811 1476 862 ubicunque
1497 810 1651 849 musculi

61 868 168 918 super
197 866 270 906 offa
291 874 511 909 moventur,
540 866 808 915 cartilagineam
837 867 1028 916 levemque
1057 867 1186 906 facssem
1213 868 1276 906 fibi
1308 877 1436 918 parant
1462 870 1648 911 fricando,

63 927 169 977 super
196 939 305 978 quam
333 934 574 969 moveantur,
609 926 782 975 exemplo
810 927 1032 964 obturatoris
1059 928 1192 965 interni
1219 930 1257 966 in
1287 927 1360 967 offe
1399 929 1523 973 ischii,
1557 930 1653 968 illaci

64 988 102 1024 in
124 985 197 1025 offe
223 986 353 1029 ilium,
391 986 549 1023 tendinis
583 986 720 1026 achillis
751 987 787 1022 in
813 984 886 1023 offe
913 984 1029 1023 calcis.

126 1047 278 1085 Arterias
300 1045 554 1082 vehementem
579 1045 784 1082 fristionem
808 1056 976 1082 exercere
991 1072 1000 1087 ,
1034 1044 1138 1082 facile
1159 1045 1304 1095 adparet
1327 1059 1375 1085 ex
1404 1047 1510 1086 sulcis
1527 1076 1537 1091 ‚
1563 1059 1651 1097 quas

69 1104 200 1145 offibus
219 1133 228 1147 ,
252 1116 340 1153 vnon
359 1104 532 1141 mollibus
553 1105 595 1141 iis
611 1132 621 1146 ‚
656 1103 715 1140 sed
733 1103 954 1141 confirmatis
984 1104 1021 1140 ὃς
1051 1104 1181 1142 adultis
1212 1108 1325 1144 cranii
1344 1109 1588 1156 imprimunt;
1616 1108 1654 1143 δε

67 1163 292 1215 potissimum
308 1175 354 1201 ex
374 1163 619 1201 vertebrarum
637 1163 885 1204 destrustionz
908 1163 943 1199 &
961 1162 1151 1204 costarum,
1167 1165 1202 1201 δι
1217 1164 1334 1208 sterni,
1353 1167 1392 1203 in
1407 1166 1654 1216 aneurysmate

67 1223 158 1270 (h)
189 1223 279 1260 adeo
305 1222 504 1272 frequente.
558 1222 593 1260 Si
621 1229 789 1271 praeterea
808 1223 881 1258 vim
901 1227 1024 1260 motus
1048 1222 1276 1266 muscularis,
1305 1225 1341 1262 ἃ
1359 1224 1465 1263 febris
1479 1253 1489 1267 ,
1512 1227 1550 1262 in
1568 1237 1666 1262 cone*

68 1282 248 1321 sumendo
276 1281 381 1331 adipe
411 1279 593 1319 efficacem
624 1281 795 1329 adjeceris
815 1308 824 1323 ‚
861 1280 964 1318 facile
994 1281 1174 1330 intelliges
1195 1310 1205 1325 ,
1238 1290 1411 1332 quantam
1445 1284 1657 1322 violentiam

70 1344 109 1379 in
151 1339 404 1379 cellulofitates
444 1339 714 1389 circumpositas
751 1340 788 1377 &
815 1339 969 1378 musculi
1007 1340 1215 1390 frequenter
1247 1342 1391 1389 agendo
1411 1370 1421 1386 ,
1457 1344 1494 1380 &
1522 1345 1658 1380 arteriae

70 1400 187 1439 valide
215 1399 392 1449 pulsando
413 1407 614 1437 exerceant.
663 1399 926 1447 Comprimunt
949 1400 1047 1436 enim
1075 1400 1111 1435 &
1136 1399 1219 1448 ipsae
1247 1400 1350 1439 fibras
1372 1401 1657 1450 semiglutinosas

74 1461 112 1498 &
136 1459 270 1497 alterne
303 1460 444 1501 laxant,
480 1470 551 1508 qua
583 1458 737 1508 pistione
767 1457 858 1495 nihil
883 1459 922 1495 in
953 1456 1128 1495 solvendo
1158 1457 1337 1498 efficacius
1365 1460 1422 1498 est.
1469 1459 1604 1499 Eadem
1623 1461 1661 1497 vi

75 1521 184 1556 etiam
208 1521 363 1560 arteriae,
396 1530 476 1566 quae
501 1517 582 1565 ipsae
609 1524 695 1554 totae
719 1517 896 1554 cellulosae
921 1515 1012 1558 sint,
1042 1525 1171 1554 contra
1196 1520 1311 1556 vicina
1337 1518 1433 1561 offa,
1465 1518 1662 1558 musculos-2

75 1589 148 1627 que
178 1577 215 1614 &
239 1576 464 1625 cartilagines
484 1575 634 1624 perinde
663 1574 883 1611 adteruntur.
937 1573 1028 1611 lnde
1053 1575 1147 1613 forte
1169 1575 1249 1618 illa,
1280 1589 1388 1626 quam
1414 1577 1660 1621 laudavimus,

76 1636 130 1677 Cl.
162 1635 535 1674 Wmmmem
551 1645 608 1671 MI
638 1634 720 1679 (c)
750 1633 971 1674 observatio,
1005 1634 1043 1670 in
1074 1634 1242 1676 artubus,
1279 1637 1403 1683 (inter
1420 1636 1660 1682 musculos),

77 1695 268 1734 validiores
293 1696 435 1732 arterias
461 1691 549 1735 effe,
578 1694 615 1730 in
634 1691 844 1734 visceribus,
874 1692 912 1728 ὃς
934 1692 1083 1730 cerebro
1102 1693 1289 1742 inprimiS,
1318 1695 1382 1733 ubi
1402 1695 1540 1733 nullam
1560 1708 1664 1734 com.

77 1754 294 1806 pteffionem
323 1755 530 1803 patiuntur,
564 1751 794 1789 molliffimas.
850 1749 938 1788 Haec
963 1752 1011 1788 ita
1033 1759 1115 1788 tuto
1141 1753 1337 1800 ponimus.
1366 1756 1430 1804 qui
1449 1755 1532 1793 alibi
1554 1754 1663 1792 fimus

81 1813 281 1856 ostensuri,
313 1813 536 1854 fristionem,
571 1811 742 1848 adtritum
760 1839 769 1852 ‚
804 1809 1129 1848 &indurationem
1156 1812 1195 1847 in
1225 1823 1383 1862 corpore
1399 1813 1560 1852 humano
1584 1826 1665 1863 per..

80 1881 196 1924 petuo
224 1872 258 1909 se
290 1873 477 1913 comitari,
512 1871 548 1908 ὃς
573 1882 629 1908 eas
650 1877 766 1919 partes
784 1870 897 1913 cutis,
923 1869 1192 1912 musculorum,
1216 1872 1489 1922 cartilaginum,
1510 1872 1660 1915 ollium.

81 1930 277 1971 duriffimas
292 1919 402 1974 lieri,
437 1942 515 1980 quae
542 1929 741 1980 plurimum
760 1929 982 1967 adteruntur.
1032 1927 1078 1967 Et
1098 1929 1245 1979 adparet
1269 1933 1343 1979 J'am
1367 1932 1509 1972 laudata
1531 1932 1663 1972 utilitas

83 1991 199 2040 adipis
214 2018 224 2033 ,
259 1992 323 2041 qui
346 1991 415 2028 hos
435 1991 539 2028 tritus
564 1989 720 2027 mollitie
751 1988 811 2026 sua
833 1990 973 2026 minuit.

143 2050 269 2088 Adteri
293 2050 384 2087 adeo
411 2050 447 2087 &
479 2051 635 2091 mutari,
670 2049 707 2086 &
741 2047 869 2085 solidas
908 2048 1073 2097 corporis
1107 2048 1258 2087 humani
1291 2058 1435 2100 partes.
1469 2049 1662 2093 &fluidam

84 2121 185 2148 nunc
217 2107 470 2147 confirmatum
493 2108 551 2146 est.
595 2107 730 2146 Firmas
758 2107 835 2145 illas
869 2119 1015 2158 aequum
1043 2107 1093 2145 est
1127 2109 1289 2154 creditu,
1320 2111 1358 2149 in
1383 2112 1456 2148 vias
1488 2110 1667 2148 circulum

970 2166 986 2217 (
1008 2165 1033 2203 h
1051 2168 1069 2214 )
1134 2178 1153 2204 2
1528 2169 1667 2208 obeun-
