1955 2732
335 169 395 219 '56'
551 167 672 211 LIB.
707 164 853 210 XXX
916 166 1077 209 VITA
1116 165 1404 209 HUMANA‘
1431 166 1508 208 ET
1545 168 1735 212 MORS.

329 268 464 306 riarum
492 267 642 317 augeri,
675 269 716 305 in
739 267 829 306 vivis
852 265 1069 305 animalibus
1089 265 1288 313 maj0ribus
1327 265 1364 303 δι
1385 265 1588 304 minoribus
1620 266 1638 314 (
1653 268 1704 314 c)
1738 267 1776 305 &
1798 266 1856 306 alii
1873 266 1917 307 eL

330 327 396 364 viri
429 328 504 374 (d)
536 325 728 369 viderunt,
764 327 801 364 &
833 338 906 375 ego
937 324 1021 362 vidi.

389 385 486 425 Cum
515 387 652 425 arteriis
684 393 808 424 autem
830 382 1124 433 circumpositam
1144 383 1418 422 cellulositatem
1435 411 1445 426 ‚
1483 383 1521 421 &
1539 383 1672 422 vicinas
1697 385 1912 425 musculares

326 443 431 484 fibras
447 474 456 489 ,
490 447 528 484 Sc
551 458 680 484 omnes
709 445 867 494 denique
885 452 1025 494 partes,
1048 444 1181 493 quibus
1201 446 1330 481 arteri‘a
1354 443 1494 481 adnexa
1519 443 1587 486 est,
1622 445 1659 482 ὃς
1682 456 1762 494 quse
1785 446 1911 485 cedere

323 504 473 554 possunt
502 505 537 543 &
569 504 747 553 obsequi,
790 516 862 541 una
896 503 1046 541 extendi
1070 501 1208 541 neceffe
1239 503 1298 540 est.

383 564 572 614 Siquidem
596 570 719 602 autem
751 564 791 600 in
826 575 866 601 ea
899 562 1132 612 longitudine
1153 556 1398 601 &latitudine
1418 566 1544 603 arteria
1571 575 1649 601 non
1677 571 1823 608 manet,
1850 564 1911 604 sed

320 623 431 673 paulo
449 623 642 673 postquam
662 621 808 661 extensa
823 622 901 666 fuit,
921 622 954 660 se
975 622 1123 660 retrahit
1149 624 1280 660 iterum
1294 650 1304 665 ,
1329 624 1363 660 ἅ
1387 623 1430 659 ad
1450 624 1611 671 priorem
1638 624 1851 661 brevitatem
1874 626 1912 662 δε

321 684 520 732 angustiam
552 683 668 725 redit,
704 684 813 720 etiam
835 694 1012 720 connexae
1032 694 1115 720 cum
1138 683 1263 719 arteria
1279 689 1397 731 partes
1418 694 1489 720 una
1522 683 1661 732 semper
1675 710 1684 724 ,
1722 683 1760 720 ὃς
1788 685 1825 721 iu
1842 683 1909 721 [in-

319 743 411 791 gulo
440 742 544 792 pulsu
561 771 571 785 ‚
607 743 643 780 &
669 741 857 791 longiores
877 741 965 780 fient
979 769 989 784 ,
1025 742 1061 778 &
1079 742 1272 779 breviores.
1296 740 1385 780 Haec
1405 744 1560 780 mutatio
1580 740 1776 780 durissimas
1799 744 1908 781 etiam

320 802 474 840 chordas
502 801 671 844 destruit,
699 802 916 851 nullumque
941 800 1042 839 filum
1062 801 1218 850 ferreum
1244 800 1336 839 adeo
1352 801 1516 853 durum,
1552 802 1652 841 nulla
1670 801 1807 840 chorda
1828 814 1908 841 mu-

319 861 388 899 sica
413 862 505 899 adeo
539 860 676 899 elastica
700 861 748 898 est
772 889 782 903 ‚
816 872 927 910 quam
955 861 1009 898 11ae
1037 860 1181 898 alternae
1208 859 1385 899 flexiones
1414 862 1450 898 &
1478 861 1708 899 extensiones
1734 873 1814 900 non
1846 862 1908 900 de-

318 920 473 963 struant,
510 921 546 958 δε
582 920 704 959 deleto
735 920 890 963 elatem,
927 932 1026 958 nexu
1057 920 1325 957 elementorum
1351 919 1518 968 superato
1539 948 1548 962 ,
1583 920 1771 969 fragilem,
1807 920 1908 958 debi-

316 979 464 1030 lemque
486 978 649 1018 efficiant.
718 979 759 1017 Id
785 982 823 1017 in
846 979 935 1018 fibra
963 979 1107 1017 animali
1124 978 1251 1017 locum
1270 978 1401 1017 habere
1430 990 1495 1028 per
1513 982 1760 1029 experimenta
1789 980 1907 1018 osten·

317 1039 371 1077 dit
397 1041 449 1077 vir
479 1039 532 1078 Cl.
566 1037 736 1077 Banu
768 1039 1039 1078 Roaiusou
1071 1047 1153 1090 (e).
1219 1037 1263 1076 Et
1283 1037 1309 1076 fi
1336 1040 1416 1088 quis
1445 1046 1604 1088 regerat,
1640 1038 1802 1078 adfusum
1824 1052 1905 1089 per-

316 1106 429 1148 petuo
460 1099 656 1137 humorem
682 1100 719 1136 in
750 1111 909 1148 corpore
939 1098 1104 1136 humano
1131 1096 1291 1136 multum
1316 1097 1360 1136 de
1381 1098 1477 1136 malo
1495 1098 1624 1138 effestu
1649 1098 1755 1146 hujus
1776 1099 1903 1137 alterni

313 1166 439 1196 motus
457 1159 600 1196 demere
614 1187 623 1200 ‚
652 1159 705 1196 uti
733 1157 787 1197 Cl.
807 1157 838 1208 J.
864 1157 937 1205 Qu
953 1171 964 1195 1
978 1170 1002 1195 N
1017 1169 1073 1195 cv
1106 1159 1179 1195 vim
1200 1158 1393 1196 eduussem
1420 1159 1458 1195 &
1477 1157 1726 1197 contracfflem
1743 1158 1839 1197 fibrae
1858 1159 1904 1197 ad

311 1219 567 1256 irrorationern
598 1217 741 1260 retulit,
771 1230 857 1256 cum
882 1225 1033 1266 utraque
1054 1218 1093 1254 in
1110 1216 1198 1255 fibre
1214 1216 1340 1255 siccata
1355 1217 1539 1256 evanescat
1566 1217 1640 1266 (f)
1658 1231 1668 1265 ;
1700 1229 1897 1268 reponam,

309 1288 377 1326 per
394 1280 642 1327 experimenta
660 1278 843 1320 constare,
867 1277 1057 1315 humidam
1077 1276 1204 1314 fibram
1226 1277 1361 1314 alterne
1379 1275 1512 1315 flexam
1533 1277 1569 1315 δι
1589 1277 1772 1316 extensam
1792 1279 1902 1316 etiam

309 1338 425 1386 magis
463 1337 643 1376 debilitari
675 1339 726 1385 (g
743 1338 767 1383 ὶ.
834 1336 880 1375 Et
909 1338 947 1375 in
972 1349 1131 1386 corpore
1158 1336 1321 1375 humano
1343 1337 1589 1387 frequentior,
1625 1349 1736 1387 quam
1753 1338 1792 1375 in
1829 1337 1902 1376 ulla

308 1396 383 1434 fere
405 1397 570 1435 machina
591 1425 600 1440 ‚
636 1397 797 1435 extensio
829 1396 1000 1435 fibrarum
1025 1396 1064 1433 fit
1083 1425 1093 1438 ,
1136 1409 1215 1446 quae
1248 1408 1341 1446 pene
1381 1407 1530 1444 5000es
1567 1398 1606 1434 in
1621 1396 1712 1435 hora
1751 1397 1787 1434 &
1819 1396 1902 1435 lon-

308 1457 392 1503 gior
419 1455 506 1498 fiat,
544 1456 581 1492 &
614 1456 785 1498 brevior,
826 1457 863 1492 &
891 1455 1022 1504 absque
1050 1455 1123 1492 ulla
1149 1457 1292 1504 quiete,
1328 1468 1393 1505 per
1438 1467 1490 1500 50
1513 1467 1627 1494 annos
1649 1468 1728 1495 non
1750 1457 1899 1506 paucio-

309 1515 409 1553 ribus
444 1514 589 1552 alternis
620 1514 774 1552 flexibus
795 1516 969 1563 agitetur,
1006 1525 1116 1564 quam
1150 1523 1184 1551 2.
1232 1525 1322 1558 190.
1360 1526 1454 1551 000.
1490 1526 1585 1552 000.

370 1573 564 1620 Qiantum
595 1581 717 1612 autern
748 1573 914 1615 videtur,
951 1572 1020 1609 hac
1040 1573 1277 1620 elongatione
1305 1573 1343 1609 &
1371 1573 1619 1611 contraitione
1643 1573 1799 1611 cohaefio
1828 1573 1898 1612 ele-

306 1641 520 1673 mentorum
540 1632 637 1670 fibrae
662 1631 894 1674 debilitatur,
929 1631 1019 1669 dum
1056 1630 1186 1680 gluten
1217 1631 1360 1674 mium,
1397 1644 1508 1682 quam
1531 1639 1622 1670 terra
1650 1632 1820 1676 firmum,
1858 1635 1897 1671 in

307 1692 406 1730 fibrae
431 1692 528 1730 aneta
554 1691 790 1741 longitudine
809 1690 978 1740 gracilius
1003 1689 1064 1732 fit,
1101 1688 1263 1741 dumque
1283 1698 1376 1729 terra
1400 1692 1547 1729 interim
1564 1721 1573 1736 ‚
1598 1702 1640 1730 ut
1670 1704 1749 1730 non
1775 1691 1896 1731 distra-

308 1752 423 1795 rs'tilis,
457 1751 556 1790 suam
586 1750 775 1790 crassitiem
807 1752 948 1788 retinet.
1014 1749 1068 1788 Ita
1098 1757 1222 1788 catena
1257 1749 1528 1790 elementorum
1556 1758 1658 1789 terrae
1682 1752 1719 1788 &
1742 1751 1893 1800 glutinis

305 1810 490 1860 inaequalis
515 1811 580 1854 fit,
617 1811 653 1848 &
678 1817 898 1860 praeparatur
928 1811 958 1847 is
991 1816 1163 1852 eventus,
1196 1811 1236 1847 in
1261 1822 1337 1860 quo
1365 1811 1474 1849 minis
1518 1809 1734 1862 elongatum
1762 1810 1893 1860 gluten

303 1870 471 1909 avellitur
517 1871 605 1916 (h).

362 1929 447 1967 Una
470 1928 643 1978 fragilitas
674 1931 856 1978 primum,
891 1928 928 1966 &
953 1927 1026 1978 ipsa
1061 1928 1212 1967 demum
1237 1928 1363 1968 fraftio
1392 1929 1560 1980 sequitur.

361 1987 452 2027 Haec
479 1988 747 2029 consumtionis
776 1988 912 2039 species
932 1988 971 2027 in
987 1989 1092 2028 omni
1110 1988 1199 2027 fibra
1224 1987 1388 2028 extenfili
1406 1989 1535 2038 locum
1560 1990 1688 2035 habet,
1715 1989 1786 2030 five
1807 2002 1892 2039 cava

1851 2062 1891 2089 ea

343 2166 404 2203 (c)
427 2163 515 2199 cont.
539 2167 768 2201 Rogamus.
797 2166 917 2199 Palea.
941 2165 980 2199 T.
1003 2165 1056 2198 111.
1080 2176 1109 2206 p.
1122 2166 1192 2204 631.

343 2209 408 2245 (d)
427 2207 449 2238 L
480 2208 526 2239 Vl.
553 2219 579 2247 p.
597 2216 667 2245 229·

342 2251 403 2283 (e)
426 2246 521 2287 Effltyr
536 2259 572 2279 on
595 2251 686 2281 anim.
707 2259 844 2287 oeconomy
864 2260 891 2289 p.
909 2258 977 2288 333.
1000 2249 1080 2287 Prop.
1106 2257 1153 2287 39.
1178 2248 1224 2280 ed.
1255 2253 1346 2287 1738.

336 2289 401 2323 (f)
426 2293 470 2319 De
486 2290 554 2327 fihr.
579 2292 698 2321 animali
731 2302 756 2328 p.
780 2298 845 2329 383.

337 2330 400 2368 (g)
424 2330 450 2360 B.
477 2331 666 2362 Rosszxusoa.
695 2329 704 2362 l
732 2342 754 2362 c.

337 2371 403 2404 (h)
426 2371 508 2401 conf.
536 2373 552 2409 J
590 2373 757 2411 Qurucr.
784 2371 922 2412 instetis.
948 2368 1162 2409 me=l.]22›2270r.
1190 2382 1215 2410 p.
1243 2377 1311 2409 ³87.
1338 2372 1374 2402 H.
1407 2371 1616 2403 Bonan„
1642 2370 1752 2401 Praeteci
1783 2370 1880 2404 Ama.

293 2408 399 2480 e13111.
429 2416 537 2482 D·6<}·
567 2415 638 2446 650.
655 2418 727 2452 684.
752 2414 800 2446 ubi
823 2423 856 2446 ex
883 2411 1034 2452 hypothesi
1058 2415 1086 2446 δε
1109 2413 1328 2454 comparatione
1345 2423 1411 2446 cum
1427 2422 1518 2453 opere
1533 2412 1658 2444 murario
1681 2412 1758 2444 hano
1780 2411 1882 2444 debili*

310 2458 436 2483 ationem
455 2463 511 2493 exp
528 2464 591 2486 icat.
