1955 2732
341 134 423 172 286
786 127 907 166 zm.
935 126 1081 166 XXIX.
1144 126 1171 165 F
1201 125 1229 165 E
1258 126 1293 165 T
1322 125 1357 164 U
1387 125 1420 165 S.

452 234 522 274 Sed
544 233 671 273 eadem
688 234 784 277 facit,
798 241 840 273 ut
854 234 1032 272 elementa
1046 245 1141 271 nova
1159 233 1203 271 ad
1219 242 1356 272 terreos
1373 233 1523 272 nucleos
1536 233 1706 273 fibrarum
1724 235 1894 285 embryo.

339 292 394 330 nis
413 293 449 330 ὅτ,
464 292 508 329 ad
523 293 597 340 ejus
616 292 834 340 glutinosam
852 293 983 339 pariter
1003 298 1142 339 partem
1158 290 1295 328 facilius
1313 290 1560 332 adhaerescant,
1574 302 1732 340 cumque
1747 294 1894 340 antiqua

340 351 550 398 embryonis
570 349 701 386 fabrica
724 348 960 385 conferveant
980 358 988 382 :
1021 347 1069 383 ob
1089 358 1166 383 eam
1186 359 1262 384 reni
1284 359 1360 383 non
1386 347 1504 395 potest
1528 347 1604 384 ullo
1624 348 1738 385 niodo
1761 349 1893 397 absque
1945 391 1948 394 Α

339 405 476 443 viscore
502 405 715 442 alimentum
737 403 814 441 esse.
860 402 1035 440 Animalia
1057 403 1129 439 sola
1150 414 1241 451 aqua
1261 415 1339 441 non
1355 403 1500 440 aluntur
1511 402 1548 446 h)
1564 431 1573 444 ‚
1601 404 1635 439 <Sc
1659 403 1683 440 fi
1703 404 1832 453 plantae
1848 404 1894 442 ali

338 461 509 499 videntur
529 490 538 504 ‚
576 463 749 498 novimus
775 472 906 508 aquam
937 460 1048 509 ipsam
1079 460 1117 496 in
1147 459 1283 497 viscum
1308 459 1407 496 abire
1439 470 1560 507 aptam
1590 459 1682 503 effe,
1717 472 1796 509 quae
1817 473 1894 498 non

337 517 455 566 longo
473 547 483 561 ‚
515 519 709 566 postquam
729 517 850 554 hausta
872 516 921 554 est
941 544 950 558 ,
982 523 1151 564 tempore
1181 517 1254 563 jam
1274 515 1330 552 fila
1363 515 1478 553 trahat
1500 543 1510 558 ,
1544 517 1583 553 in
1597 515 1792 554 Germania
1813 518 1894 566 qui-

337 574 419 611 dem
437 603 446 617 ,
481 586 590 623 quam
615 576 654 611 in
680 573 808 611 nostris
839 575 940 622 aquis
964 571 1125 610 celerius.

450 655 602 692 Aetione
622 667 712 702 ergo
736 655 772 691 &
801 654 981 691 reaGtione
1009 653 1054 690 ad
1081 654 1320 691 nutritionem
1351 653 1387 689 δι
1416 654 1684 691 incrementum
1709 665 1801 702 opus
1831 655 1889 692 est.

337 710 441 750 Illam
471 724 536 750 cor
562 712 703 760 praestat
719 739 729 753 ‚
763 711 854 747 hanc
878 710 1069 747 relistentia
1093 710 1216 747 viscidi
1237 709 1403 747 humoris
1418 738 1429 753 ,
1463 712 1527 760 qui
1555 710 1591 747 δι
1615 709 1760 758 figurari
1775 710 1809 748 se
1830 722 1894 761 pa-

337 769 469 811 tiatur,
504 769 538 806 &
567 767 803 806 adhaerescere
829 774 934 805 amet.

752 877 786 917 ἓ.
820 872 925 911 XIII.
985 871 1133 910 Arteria
1153 870 1298 920 succum
1326 871 1476 909 adducit:

446 961 610 1001 Primum
640 963 676 998 δε
699 961 997 1010 fiinpliciffimum
1025 961 1149 999 cordis
1173 960 1337 1000 officium
1365 963 1414 1000 est
1435 989 1444 1003 ,
1476 960 1684 1010 sanguinem
1700 990 1712 1005 ‚
1744 961 1893 1000 authu-

335 1030 482 1056 morem
507 1019 727 1061 nutritium,
759 1017 783 1055 si
811 1019 979 1056 nondum
1010 1019 1119 1055 rubei·
1143 1019 1253 1056 fuerit
1269 1046 1279 1060 ‚
1311 1017 1355 1054 ad
1381 1029 1508 1055 omnes
1534 1027 1652 1067 partes
1672 1020 1838 1068 corporis
1856 1030 1893 1056 a-

335 1075 478 1112 nimalis
504 1074 652 1112 deferre.
712 1073 755 1112 Id
780 1087 845 1124 per
869 1076 1014 1112 arterias
1034 1074 1098 1117 fit,
1133 1075 1169 1112 &
1191 1086 1255 1124 per
1281 1086 1337 1112 eas
1360 1074 1459 1111 solas.

448 1156 547 1194 Cum
577 1157 675 1194 enim
706 1168 834 1194 omnes
861 1156 1009 1206 reliquae
1038 1163 1156 1205 partes
1187 1155 1326 1192 brachii
1356 1165 1443 1192 cum
1474 1153 1555 1204 ipsis
1586 1153 1719 1193 offibus
1747 1153 1892 1193 fuissent

335 1211 485 1251 diffeeiae
509 1240 519 1255 ‚
553 1213 588 1250 ἃ
612 1212 684 1250 iola
712 1214 838 1250 arteria
865 1212 1005 1250 radialis
1029 1214 1169 1260 integra
1198 1210 1388 1260 superell'et
1405 1239 1414 1253 ,
1447 1219 1607 1260 reparata
1637 1211 1718 1249 sunt
1739 1213 1863 1250 onmia
1877 1239 1895 1261 ,4

336 1270 373 1306 &
390 1269 488 1307 calor
506 1269 668 1306 redditus
689 1271 792 1311 artui,
813 1270 847 1305 δι
870 1269 1003 1318 pulsuS,
1019 1269 1053 1305 &
1070 1268 1229 1305 restituta
1253 1297 1262 1310 ‚
1296 1279 1376 1316 quae
1397 1266 1441 1304 de
1456 1278 1534 1304 artu
1554 1269 1735 1316 perierant
1753 1270 1799 1312 c).
1838 1267 1893 1305 Ex

335 1327 473 1363 arteriis
502 1328 610 1363 etiam
643 1327 680 1362 in
714 1325 923 1364 cellulosani
950 1324 1059 1363 telam
1083 1324 1245 1363 alimenti
1274 1336 1356 1373 pars
1384 1323 1582 1372 deponitur
1605 1351 1615 1367 ,
1648 1336 1787 1374 perque
1811 1336 1892 1362 eam

335 1391 507 1420 movetur
534 1382 570 1419 &
596 1382 806 1431 adplicatur.

449 1462 493 1501 In
521 1475 599 1500 eam
630 1464 729 1500 enim
760 1462 880 1505 telam,
892 1462 939 1500 de
966 1463 1177 1500 arteriarum
1205 1460 1429 1510 parietibus,
1467 1473 1533 1510 per
1559 1459 1753 1498 invifibiles
1777 1472 1892 1511 poros

334 1519 471 1558 humor
494 1519 651 1557 exsudat.
714 1518 862 1557 Deinde
886 1518 910 1556 fi
934 1521 960 1556 ii
986 1520 1070 1568 pori
1093 1519 1235 1566 obliqui
1260 1519 1419 1560 tuerint,
1453 1519 1489 1554 &
1514 1517 1559 1555 ad
1584 1517 1802 1566 longiusculi
1832 1525 1892 1556 tu-

335 1576 412 1614 buli
434 1588 577 1613 morem
598 1604 608 1617 ,
641 1587 706 1624 per
725 1577 873 1621 arteriae,
884 1577 1058 1624 parietem
1080 1575 1235 1612 exierint
1251 1601 1261 1615 ‚
1288 1576 1425 1622 poterit
1446 1573 1684 1624 aliquoulque
1699 1575 1795 1611 lenta
1815 1586 1891 1611 ma-

335 1634 441 1670 teries
471 1632 631 1669 alimenti
654 1633 698 1668 ab
721 1631 798 1680 ipso
823 1632 935 1669 corde
963 1630 1048 1681 pelli
1077 1659 1086 1673 ‚
1129 1631 1166 1667 in
1192 1628 1433 1668 vermiculum
1465 1629 1615 1680 figurata
1636 1659 1646 1672 ‚
1678 1630 1802 1680 quoad
1838 1632 1891 1668 vis

334 1701 354 1726 a
376 1689 488 1726 corde
512 1688 663 1737 impulsa
689 1689 732 1725 ab
759 1690 836 1735 ejus
864 1687 1040 1730 mollitie,
1071 1687 1107 1724 &
1132 1686 1271 1735 objecta
1298 1685 1488 1724 resistentia
1508 1715 1517 1729 ,
1549 1687 1739 1726 consumta
1767 1685 1887 1725 fuerit.

334 1743 476 1784 Eodem
498 1744 614 1783 modo
638 1743 743 1782 fibras
766 1752 871 1794 putes
895 1745 1012 1793 parari
1034 1741 1157 1793 poffe:
1189 1743 1225 1779 δι
1253 1742 1429 1780 cellulofae
1454 1743 1534 1781 telae
1556 1747 1824 1783 incrementum
1850 1744 1892 1781 in

334 1800 604 1849 longitudinem
636 1801 804 1838 obtineri.
865 1799 954 1838 Haec
980 1800 1030 1838 est
1053 1799 1236 1837 exhalatio
1259 1798 1424 1837 alimenti
1439 1827 1452 1844 ,
1483 1811 1555 1850 qua
1574 1800 1707 1841 summi
1739 1800 1806 1838 viri
1820 1811 1890 1839 nu·

333 1859 523 1896 tritionem
547 1855 673 1907 perfici
700 1856 906 1895 docuerunt
920 1856 972 1901 d).

849 1965 883 2008 §-
915 1960 1026 2004 XIV,
1086 1960 1134 2000 Et
1148 1959 1197 2010 fit
1225 1959 1374 2008 longior.

445 2051 518 2091 Sed
542 2053 651 2091 etiam
673 2051 748 2092 hoc
771 2051 924 2102 fimplex
953 2052 1002 2090 est
1017 2080 1030 2096 ‚
1054 2051 1100 2091 ad
1127 2050 1289 2101 fingulos
1314 2049 1435 2094 condis
1461 2050 1585 2102 pulsus
1610 2051 1782 2116 arteriam·
1805 2050 1890 2090 lon-

1742 2117 1889 2158 giorem

373 2184 407 2222 b)
427 2184 457 2215 L.
475 2184 558 2216 XIX.
577 2195 604 2223 p.
620 2188 686 2220 ²3⁶·
699 2184 758 2223 sqq.

374 2226 404 2259 e)
426 2227 569 2257 Mercuri·
579 2228 613 2255 de
626 2228 737 2255 france
752 2234 817 2255 ann.
836 2235 909 2262 ¹755
935 2235 973 2256 m.
986 2224 1141 2256 Decembr.

373 2266 408 2301 d)
430 2265 605 2294 Alimentum
627 2274 664 2295 ex
687 2266 767 2295 venis
789 2266 967 2296 transsudare
998 2266 1151 2296 Διιετοτ.
1169 2275 1264 2303 gener.
1288 2266 1378 2295 aem’m.
1396 2263 1427 2296 L.
1440 2264 1476 2296 ll.
1493 2268 1560 2295 αδ.
1589 2260 1819 2302 Κυτςοιῑ.1ὁς)ἶ
1829 2264 1883 2295 17.

332 2312 411 2341 τις-ι).
428 2305 464 2334 de
478 2305 628 2343 sanguine,
645 2315 704 2334 tum
723 2304 830 2343 advers
845 2308 868 2336 Ι.
888 2311 948 2336 n.6.
961 2307 997 2336 de
1009 2315 1084 2337 rore.
1110 2306 1194 2336 Porro
1207 2306 1239 2335 A.
1251 2315 1279 2338 v.
1294 2305 1575 2335 Lancwimuoscx.
1592 2312 1663 2342 oper.
1678 2302 1705 2333 T
1718 2302 1763 2334 lV.
1781 2306 1883 2341 943⁶·

333 2344 469 2376 Binan.
485 2355 510 2382 p⁴
530 2355 589 2381 ¹7¹1
615 2344 731 2383 Phyfiol.
746 2347 850 2376 Batav.
865 2355 894 2384 p.
911 2356 977 2385 35⁰·
994 2355 1061 2384 35¹·
1093 2345 1128 2378 G.
1146 2355 1174 2378 v.
1193 2346 1347 2377 simum
1372 2344 1408 2376 T.
1419 2344 1442 2376 1.
1453 2355 1484 2385 p.
1500 2353 1567 2385 3⁰9·
1600 2345 1650 2382 qui
1679 2343 1717 2375 ad
1735 2342 1886 2383 speculum

334 2393 472 2423 vaporem
486 2385 582 2415 lul-are
596 2386 678 2416 vidit.
