1955 2732
1363 13 1405 25 n-

266 140 320 189 :43
743 135 838 178 LIB.
869 134 1017 203 XXIX:
1076 134 1107 177 F
1134 135 1165 177 E
1194 135 1230 176 T
1257 134 1296 176 U
1323 134 1359 176 S.

264 248 418 296 integrae
434 243 567 292 effent,
587 246 625 284 δε
642 252 766 286 uterus
788 245 925 288 illaesus,
941 247 978 283 &
997 247 1035 283 in
1048 244 1120 283 alio
1135 244 1308 295 exemplo
1326 244 1436 282 etiam
1456 244 1622 284 ovarium
1637 241 1828 296 sanumf).

267 304 373 344 Tuba
389 306 425 342 Sc
438 311 546 344 utero
559 306 718 354 integro,
731 315 816 342 cum
829 302 997 352 placenta
1016 302 1220 340 adhaerente
1240 302 1285 340 ad
1302 301 1540 350 diaphragma
1551 301 1596 350 g)
1618 304 1711 343 fetus
1724 304 1825 342 alius.

377 394 487 434 solos
515 394 600 432 istos
632 394 728 432 fetus
760 393 930 432 recenseo
947 422 958 437 ,
991 405 1075 431 nam
1100 392 1159 429 alii
1187 392 1270 430 sunt
1292 393 1441 442 plurimi
1457 404 1468 439 3
1500 395 1607 431 etiam
1635 395 1728 433 inter
1752 395 1828 433 ani-

263 451 397 495 maha,
431 453 469 489 in
496 463 584 489 cane
598 449 662 495 h),
690 450 817 500 lepore
833 452 890 495 z),
923 462 994 488 ove
1014 449 1080 495 k),
1116 448 1214 487 fimia
1231 448 1289 499 l),
1321 450 1545 500 gallinam),
1578 463 1661 488 rana
1681 451 1730 497 n).

377 542 422 581 111
450 543 579 580 vicinis
606 541 767 592 denique
796 549 904 580 utero
923 540 959 586 o)
985 541 1195 578 tumoribus
1224 541 1432 580 mandibula
1452 542 1546 581 offea
1567 554 1653 580 cum
1684 541 1830 582 duobus

265 599 436 637 dentibus
461 599 498 636 δε
520 599 701 642 maxillis,
733 599 891 637 humore
917 598 1043 636 seboso
1069 597 1256 635 obvolutis
1274 626 1285 640 ,
1317 605 1458 648 reperta
1480 600 1559 642 est,
1590 607 1653 637 aut
1682 600 1719 636 in
1742 611 1831 638 ova·

264 658 322 694 rio
337 684 347 699 ‚
379 662 441 693 aut
463 655 508 693 de
528 668 573 694 eo
597 655 736 706 elapsa,
770 667 891 706 eoque
912 655 1082 694 videntur
1107 653 1185 692 aliae
1211 654 1367 693 historiae
1391 667 1470 693 non
1495 658 1641 706 penitus
1659 655 1831 695 distinCtae

265 721 456 765 pertinere.

377 803 601 854 Plerumque
624 810 748 842 tamen
765 832 776 848 ,
809 814 856 841 ex
877 808 1014 840 naturae
1037 801 1204 840 instituto
1221 829 1232 845 ,
1250 800 1345 841 fetus
1374 803 1414 841 in
1441 803 1569 842 tubam
1588 802 1772 853 recipitur.

377 892 682 944 Experimentum
707 897 871 945 primum
895 893 1129 933 Nucxxus
1155 893 1349 942 producit,
1384 896 1448 945 qui
1470 895 1578 933 tertio
1599 907 1618 931 a
1645 900 1833 944 conceptu

263 951 324 990 die
347 952 514 989 medium
537 952 575 989 iu
597 951 724 990 catella
748 954 843 990 uteri
865 963 984 989 cornu
1002 950 1130 999 ligavit
1139 949 1206 998 p),
1238 952 1274 988 ἅ
1294 951 1353 988 die
1378 963 1440 990 21.
1468 954 1561 989 inter
1585 951 1718 988 ostium
1735 951 1834 989 tubae

265 1010 303 1047 &
331 1008 522 1047 vinculum
545 1008 638 1047 duos
663 1008 757 1047 fetus
785 1010 929 1058 reperit.
993 1007 1126 1057 Neque
1148 1009 1240 1045 adeo
1264 1008 1373 1046 video
1392 1037 1402 1052 ,
1436 1021 1500 1047 cur
1521 1009 1567 1046 de
1586 1008 1660 1046 hoc
1690 1008 1834 1057 experi-

263 1073 393 1104 mento
419 1094 429 1109 ‚
461 1078 481 1103 a
511 1066 590 1103 viro
621 1073 719 1103 certe
748 1065 872 1103 solerti
897 1064 1063 1103 instituto
1079 1092 1091 1108 ‚
1123 1062 1165 1101 fit
1189 1063 1397 1103 dubitatum
1417 1065 1465 1113 q).

376 1156 525 1205 Nempe
547 1156 628 1194 satis
652 1155 825 1206 frequens
849 1155 898 1193 est
912 1184 922 1199 ,
955 1156 993 1192 iu
1010 1154 1098 1193 tuba
1120 1155 1280 1204 reperire
1302 1155 1418 1194 fetum
1434 1184 1444 1199 ,
1478 1162 1645 1194 tenerum
1670 1154 1834 1204 aliquan-

264 1210 339 1256 do,
374 1220 417 1251 ut
442 1225 578 1263 corpus
601 1211 705 1251 ovale
727 1211 793 1261 pisi
816 1212 934 1252 forma
954 1211 1104 1249 referret
1118 1239 1130 1254 ,
1164 1212 1200 1247 &
1218 1211 1263 1248 de
1283 1214 1370 1251 tuba
1386 1213 1542 1263 exprimi
1564 1210 1690 1262 poffet.
1731 1211 1834 1250 Con-

265 1271 481 1322 ceptionem
502 1270 683 1308 tubariam
707 1270 762 1307 bis
784 1268 815 1319 J.
839 1268 877 1307 D
889 1280 913 1307 o
927 1280 952 1305 u
967 1281 992 1306 G
1005 1280 1026 1305 L
1038 1280 1060 1305 A
1072 1281 1089 1305 s
1112 1268 1205 1306 vidit
1220 1265 1269 1313 r).

377 1358 514 1410 Exigui
541 1362 651 1398 etiam
677 1360 827 1399 fuerunt
857 1359 951 1398 fetus
970 1387 982 1402 ,
1021 1370 1116 1409 quos
1150 1359 1188 1396 in
1219 1358 1366 1397 ducibus
1394 1360 1491 1398 tubae
1522 1358 1690 1396 humanae
1726 1358 1834 1397 nodis

265 1415 329 1458 Bo
344 1430 364 1455 E
378 1428 577 1455 Hmssnus
595 1421 628 1458 s)
654 1417 823 1467 depingit
837 1445 848 1460 ,
886 1424 927 1454 ut
954 1417 993 1453 in
1011 1415 1127 1453 altero
1152 1415 1308 1454 ovulum
1334 1424 1491 1466 quatuor
1512 1415 1624 1453 lineas
1647 1415 1828 1464 longum,

265 1486 354 1513 cum
378 1474 456 1512 fetu
485 1474 521 1510 δι
544 1473 713 1513 funiculo
739 1472 940 1512 umbilicali
968 1470 1051 1509 esset
1070 1501 1080 1516 ‚
1111 1474 1149 1509 in
1180 1471 1295 1510 altero
1322 1485 1458 1523 corpus
1479 1472 1684 1511 rotundum
1701 1499 1713 1516 ,
1747 1484 1836 1510 ova-

266 1537 348 1570 tum
365 1530 420 1576 t),
437 1529 612 1569 fibrosum
628 1559 639 1574 ‚
671 1530 828 1581 squamis
852 1529 949 1580 quai]
970 1529 1105 1567 fastum
1128 1530 1384 1567 concentricis.

381 1619 571 1672 Exiguum
600 1622 639 1659 in
668 1621 757 1660 tuba
788 1622 1031 1671 embryonem
1047 1619 1109 1665 u),
1128 1626 1170 1658 ut
1192 1619 1348 1658 dubium
1372 1618 1585 1671 superesset,
1617 1631 1709 1658 num
1727 1630 1841 1658 verus·

267 1678 366 1718 foret
387 1680 552 1729 embryo,
569 1677 614 1716 M
624 1690 644 1716 ε
655 1691 678 1716 L
688 1690 712 1716 1,
723 1691 735 1715 1
749 1690 772 1716 υ
783 1690 800 1716 s
826 1678 930 1716 dixit.

303 1785 345 1826 f)
368 1796 396 1823 P·
416 1791 484 1826 36³·

305 1830 340 1867 g)
362 1829 433 1860 Fere
451 1827 548 1859 fimiiis
567 1828 608 1859 est
626 1827 742 1860 historia
758 1828 798 1858 est
812 1826 996 1858 Duvnuu
1010 1825 1047 1858 11.
1066 1836 1096 1866 p.
1117 1829 1182 1866 364.
1207 1827 1235 1858 δι
1248 1826 1352 1858 Puzos
1373 1826 1411 1857 ad
1429 1825 1476 1858 LA
1490 1825 1612 1858 Mora-1
1622 1836 1717 1866 gener.
1730 1834 1832 1864 pazo.

269 1877 338 1908 231.
365 1881 450 1908 quam
472 1871 608 1900 diximus.

308 1911 342 1947 h)
368 1912 439 1942 Phil.
460 1910 566 1950 Trans
587 1921 614 1941 n.
634 1920 699 1947 322.

307 1953 332 1981 i)
356 1951 424 1981 lbid.
444 1953 503 1982 Pro
513 1961 538 1981 r.
557 1959 656 1982 natur.
673 1950 734 1990 hist.
750 1949 937 1990 Stqff'ordhire
950 1958 977 1986 p.
991 1957 1058 1987 253.
1079 1954 1164 1979 utero
1180 1948 1266 1979 illaeso
1282 1948 1434 1979 Bussrna
1455 1950 1549 1980 Nouv.
1563 1948 1598 1977 de
1614 1946 1643 1976 la
1662 1944 1836 1986 deuhlique

269 1993 317 2023 des
334 1995 446 2023 Lettres
464 2002 529 2022 ann.
550 1997 634 2027 1685.
653 1994 677 2023 δι
695 1993 834 2022 Romu
862 1992 888 2020 ἃ
916 1992 1023 2020 Comm.
1052 1992 1113 2021 Lit.
1140 1993 1210 2021 Nor.
1228 2000 1285 2019 ann
1314 1999 1397 2027 1733.
1413 1991 1493 2019 helui.
1508 1995 1553 2025 27.

310 2034 341 2064 k}
365 2034 451 2064 Bresl.
467 2032 554 2064 sams.
575 2043 640 2062 ann.
663 2042 748 2070 1723.
764 2042 801 2062 m.
817 2031 961 2062 Novemb.
990 2031 1035 2060 VA
1047 2040 1110 2059 tzar
1124 2033 1238 2069 gravid.
1253 2032 1354 2068 adpar.
1369 2039 1396 2061 n.
1412 2039 1438 2069 7.
1462 2029 1527 2060 add.
1546 2028 1621 2061 Phil.
1640 2026 1746 2068 Trans
1757 2026 1774 2057 1.
1787 2037 1815 2058 c.

310 2075 338 2110 Ι)
360 2073 426 2104 Adi.
441 2084 514 2104 mar.
532 2074 625 2104 Bam).
643 2084 709 2103 ann.
731 2077 817 2109 1699.
835 2082 862 2110 p.
884 2081 930 2109 79.
950 2071 980 2101 in
1000 2078 1113 2102 tumore
1131 2081 1224 2110 prope
1245 2072 1340 2110 hepar.

309 2116 355 2148 a)
379 2115 447 2144 Non
469 2124 532 2144 raro
553 2113 730 2145 vamum.
744 2122 816 2153 oper.
829 2113 865 2144 T.
882 2111 917 2143 11.
938 2123 968 2152 p.
985 2121 1053 2149 254.

309 2156 346 2187 η)
370 2154 548 2185 VAeranR.
562 2155 632 2185 ibid.

311 2196 342 2229 ο)
364 2195 482 2225 Boscus
501 2194 604 2234 facult.
622 2202 703 2226 anat.
718 2205 747 2235 p.
759 2204 804 2234 23.
818 2204 866 2231 24.
910 2193 1054 2231 Gums,
1070 2193 1119 2226 hic
1141 2192 1300 2233 ligamento
1313 2192 1373 2224 lato
1383 2193 1504 2224 adnatus
1519 2213 1528 2228 ‚
1545 2199 1612 2221 cum
1627 2188 1695 2221 sano
1709 2195 1802 2222 utero.

307 2238 343 2276 γ’)
365 2237 566 2275 Adenograpb.
590 2247 617 2274 p.
634 2241 680 2273 69.
1772 2252 1775 2253 ν

311 2284 344 2316 qi
369 2277 510 2305 i‘Ai'rom
537 2275 649 2316 dzflorjs]
667 2278 720 2309 IV.
750 2285 778 2313 ρ.
797 2285 843 2311 94.
859 2286 906 2312 9ς.

311 2321 342 2347 ν)
368 2315 423 2355 Effi
445 2317 480 2355 of
495 2329 512 2347 a
537 2320 635 2348 Societ.
655 2324 687 2348 at
706 2318 821 2349 Edimh.
840 2319 870 2348 V.
894 2326 922 2356 p.
942 2320 1008 2355 336.

312 2359 340 2392 s)
362 2356 467 2395 fascic.
483 2360 523 2389 ΙΙ.
551 2365 571 2388 t,
594 2369 617 2388 ι.
641 2358 659 2388 f.
679 2369 703 2392 ς.

312 2400 340 2429 εδ
360 2398 432 2428 lbid.
448 2398 466 2427 f.
483 2409 506 2434 5.
522 2408 558 2427 m.
575 2408 600 2428 n.
619 2399 639 2428 f.
655 2402 679 2428 6.
700 2409 726 2437 q.
744 2409 765 2428 r.
780 2408 806 2429 s.

312 2443 347 2477 ιι)
369 2438 479 2469 Mum
507 2441 653 2470 Commare
672 2450 700 2479 p.
716 2449 786 2476 402.
