1955 2732
299 140 358 182 Ἰςς
529 129 647 172 zm.
695 126 842 171 XXX.
909 126 1066 170 VITA
1105 125 1372 168 HUMANA
1417 127 1494 171 Er
1531 130 1716 173 mous,

364 228 546 268 Haeremus
570 229 643 266 fere
671 227 821 278 glutinis
844 224 1141 273 consumtionem
1170 225 1329 274 expendi
1349 237 1360 272 ;
1395 226 1455 264 sed
1479 240 1596 278 neque
1614 235 1770 268 terreum
1794 228 1891 267 fibrae

304 289 527 327 elementum
553 290 596 326 ab
622 300 665 326 eo
696 288 827 325 adtritu
860 293 981 323 tutum
1016 283 1084 322 effe
1119 286 1237 321 video.
1272 284 1369 323 Hinc
1390 286 1492 336 quod
1526 300 1608 325 vere
1629 295 1720 326 terra
1742 290 1892 327 humani

303 349 470 398 corporis
491 361 554 398 per
582 350 725 386 urinam
745 344 920 387 decedat,
955 346 1051 388 (t),
1089 345 1124 381 &
1151 344 1260 394 quod
1291 353 1409 393 partes
1437 346 1649 385 solidiffimae
1679 360 1762 386 vere
1790 348 1891 386 mole

300 411 532 450 minuantur,
568 407 715 456 quando
732 405 909 454 reparatio
933 402 1053 441 deficit
1075 407 1090 432 s
1102 406 1172 448 u):
1208 404 1300 443 inde
1330 405 1431 455 quod
1451 412 1565 444 terrea
1590 408 1785 456 particula,
1824 406 1890 445 dis-

302 468 424 506 soluto
452 468 623 515 utrinque
652 466 814 514 glutIne,
848 463 999 513 perinde
1023 462 1199 507 labascat,
1236 464 1274 501 δε
1313 463 1394 503 sede
1427 475 1637 511 moveatur,
1672 474 1712 505 ut
1742 466 1890 518 qmdem

304 528 433 577 gluten
467 525 640 563 effoditur

362 586 441 624 Alia
466 584 730 623 consumtionis
761 584 853 621 ratio
876 582 925 620 est
953 584 991 620 in
1020 583 1307 621 extremitatibus
1330 585 1538 621 arteriarum
1563 585 1802 635 vasorumque
1827 597 1889 625 cu-

304 645 505 695 Juscunque
533 646 675 693 generis
695 674 703 680 ,
737 655 816 693 quae
852 643 982 691 apertis
1013 641 1144 680 finibus
1178 643 1301 686 hiant,
1338 644 1373 680 &
1414 644 1581 682 exhalant
1608 646 1644 681 in
1666 656 1808 683 caveam
1834 648 1890 683 in-

301 705 538 746 testinorum,
567 702 779 746 ventriculi,
811 703 904 744 oris,
941 702 1103 744 narium,
1135 702 1344 751 pulmonis,
1374 702 1530 752 pleurae,
1557 706 1765 753 peritonaei,
1796 706 1889 752 peri-

303 765 442 807 cardii,
481 762 770 801 ventriculorum
801 761 963 804 cerebri,
999 762 1091 798 cutis
1123 763 1235 799 totius
1256 790 1265 803 ‚
1300 774 1364 811 per
1391 774 1562 811 magnam
1592 776 1682 812 ergo
1720 766 1887 812 corporis

301 824 451 862 humani
477 831 625 872 partem.
690 820 796 860 Dum
821 822 920 858 enim
940 822 977 857 in
1003 819 1150 868 singulis
1171 819 1330 869 pulsibus
1362 822 1610 860 extenduntur
1630 824 1764 860 arteriae
1784 824 1818 859 &
1834 836 1888 860 re-

300 882 517 924 trahuntur,
553 880 698 919 effeetus
725 880 832 928 hujus
863 878 1083 926 extensionis
1111 881 1242 917 merito
1273 881 1390 928 major
1419 882 1512 922 erit,
1550 883 1613 918 ubi
1638 883 1762 919 arteria
1787 882 1888 920 debi-

300 942 390 988 lior3
424 939 672 979 debilissimam
705 952 790 978 vero
822 938 908 981 effe,
944 939 1007 976 ubi
1028 945 1148 987 aperta
1179 938 1280 983 hiat,
1317 939 1420 977 facile
1457 939 1690 989 intelligitur,
1725 952 1811 979 cum
1848 943 1889 979 in

300 1003 405 1039 omni
443 1001 580 1049 reliqua
621 999 854 1048 longitudine
887 997 1035 1035 cuilibet
1066 998 1248 1036 elemento
1277 998 1322 1036 ad
1351 1000 1546 1037 minimum
1583 1001 1618 1037 ὃς
1647 1000 1808 1050 superius
1848 1002 1887 1038 Sc

299 1061 447 1099 inferius
475 1059 572 1097 aliud
598 1058 821 1096 elementum
849 1057 975 1106 praesto
1007 1056 1077 1099 fit,
1113 1059 1171 1095 cui
1201 1056 1403 1096 cohaereat:
1436 1057 1498 1095 hic
1529 1058 1693 1108 superior
1730 1059 1884 1098 cohaelio

297 1121 370 1158 sola
397 1118 546 1169 supersit
564 1122 579 1163 ζ
591 1121 652 1163 v).
705 1117 804 1155 Hinc
821 1108 1096 1154 velox'detritio
1113 1145 1122 1159 ‚
1145 1117 1182 1154 &
1202 1117 1354 1166 perinde
1377 1117 1488 1156 velox
1505 1119 1774 1156 incrementum
1794 1122 1885 1158 cuti·

297 1180 407 1222 culae,
446 1179 633 1228 pilorum,
669 1177 885 1226 capillorum
906 1205 915 1218 ‚
946 1177 1151 1224 unguium,
1183 1177 1429 1227 omniumque
1450 1179 1606 1225 partium
1626 1206 1635 1221 ,
1670 1191 1749 1228 quae
1774 1179 1812 1215 in
1829 1179 1885 1218 su-

297 1239 444 1289 perficie
472 1238 640 1287 corporis
669 1236 761 1274 sunt.
809 1235 933 1278 Adde,
968 1236 1070 1284 quod
1098 1237 1212 1284 aperti
1235 1235 1323 1274 fines
1346 1244 1498 1274 externo
1518 1238 1618 1275 tritui
1637 1237 1800 1287 undique
1817 1239 1884 1277 ob-

296 1300 463 1348 jiciantur
486 1310 496 1344 ;
529 1297 615 1334 hinc
645 1296 849 1334 frid’tionem
878 1294 1029 1333 vestium
1048 1323 1057 1338 ‚
1093 1297 1263 1333 ciborum
1300 1297 1621 1345 praetereuntium,
1657 1298 1694 1334 ἃ
1724 1299 1884 1347 compti-

294 1359 477 1396 mentium
514 1368 714 1405 corporum
741 1354 844 1403 paffae
871 1361 988 1403 partes
1015 1356 1201 1403 corporis,
1241 1362 1282 1392 ut
1310 1368 1474 1402 ungues,
1510 1356 1724 1405 epidermis,
1760 1356 1884 1396 villosa

294 1419 360 1459 viae
389 1416 552 1456 cibariae,
587 1415 692 1451 etiam
719 1419 827 1450 aereae
845 1442 853 1455 ‚
885 1415 1007 1450 tunica
1036 1415 1110 1449 cito
1134 1414 1170 1450 δε
1197 1414 1299 1451 facile
1326 1414 1556 1452 destruuntur
1587 1416 1622 1452 &
1650 1424 1878 1464 reparantur,

294 1483 336 1519 ut
365 1475 401 1512 in
433 1475 523 1511 cutis
552 1473 698 1510 historia
721 1471 856 1510 ditium
885 1471 934 1508 est
965 1473 1055 1519 (x)

353 1550 425 1589 Sed
451 1548 633 1585 friffiones
669 1548 744 1584 aliae
774 1547 993 1584 mechanicae
1025 1548 1149 1595 magni
1180 1547 1324 1585 effeetus
1354 1550 1488 1599 ubique
1518 1551 1556 1588 in
1595 1563 1751 1601 corpore
1780 1564 1882 1602 repe-

290 1613 443 1650 riuntur.
509 1605 756 1646 Potentiffima
784 1608 823 1643 in
856 1605 989 1644 oslibus
1029 1600 1269 1644 dearticulatis
1306 1608 1383 1651 est,
1421 1621 1581 1658 quorum
1618 1613 1740 1649 crustae
1776 1613 1881 1650 carti-

289 1671 439 1719 lagineae
472 1667 679 1717 frequenter
711 1668 760 1704 ita
791 1665 1030 1708 deteruntur,
1064 1673 1105 1703 ut
1145 1678 1239 1715 pene
1271 1667 1379 1705 nullae
1411 1667 1486 1706 {int
1554 1669 1598 1706 In
1629 1670 1879 1709 articulatione

290 1729 444 1768 maxillae
475 1728 654 1765 inferioris
679 1726 724 1766 ad
748 1736 790 1762 os
817 1733 1048 1776 temporum,
1085 1737 1163 1775 quae
1189 1727 1316 1776 utique
1342 1729 1378 1764 in
1406 1727 1688 1777 frequentissimo
1710 1730 1774 1769 usu
1805 1731 1874 1775 est,

287 1790 365 1828 vidi
400 1800 478 1826 non
510 1785 619 1824 semel
652 1771 896 1834 perforatum,
939 1786 1002 1833 qui
1032 1785 1302 1833 interponitur,
1337 1786 1536 1825 meniscum
1571 1789 1874 1839 cartilagineum,

290 1856 331 1888 ut
351 1856 411 1886 aut
433 1848 564 1896 exigua
592 1848 629 1883 in
650 1845 774 1882 medio
796 1844 1016 1887 membrana,
1051 1851 1113 1882 aut
1136 1844 1235 1883 nulla
1259 1844 1450 1901 superesset
1470 1848 1548 1893 (y).
1580 1846 1697 1885 Vidi'
1687 1862 1725 1886 m
1743 1849 1877 1887 eodem

289 1906 492 1948 detritam(
510 1919 536 1942 z
561 1909 570 1945 )
603 1906 748 1954 penitus
777 1904 1045 1951 cartilagineam
1073 1903 1224 1941 crustam
1255 1904 1438 1955 utriusque
1469 1905 1549 1944 offis
1570 1935 1580 1949 ,
1615 1919 1694 1957 quae
1723 1909 1762 1945 in
1796 1907 1877 1948 sub-

286 1967 461 2006 rotundas
487 1964 652 2015 glebulas
681 1964 839 2007 abierat,
881 1963 1012 2014 quibus
1039 1970 1118 2002 tota
1152 1975 1258 2002 cavea
1287 1964 1547 2003 articulationis
1568 1966 1778 2016 repleretur.

1803 2025 1875 2065 Sed

327 2131 385 2168 (t)
407 2131 430 2162 L
455 2129 568 2161 XXVI.
596 2140 624 2169 p.
651 2132 718 2167 362.

328 2174 397 2207 (ul
423 2183 448 2207 p
476 2183 525 2202 Δο.

325 2216 387 2246 (τὶ
413 2213 439 2243 H
474 2215 674 2243 Boxnmwn
701 2210 870 2243 Palea.'1'
902 2210 952 2242 111
976 2221 1005 2248 ρ.
1024 2211 1093 2243 ⁶81
1117 2211 1187 2243 682.
1216 2221 1284 2244 cum
1310 2219 1420 2244 notac-

324 2253 389 2289 (x)
416 2254 456 2282 D·
474 2255 555 2283 aerea
586 2254 608 2284 L
632 2252 711 2283 Vll!
731 2259 837 2290 0-148·
864 2252 1024 2283 Decibaria
1044 2251 1458 2293 1..xv111.p.99.[..xlx
1474 2252 1864 2295 p.132.133.1,.xxw.

283 2307 312 2338 p
337 2294 453 2330 321)
473 2296 593 2324 armaria
626 2294 647 2324 L
684 2294 797 2326 XXVI.
828 2304 860 2334 p.
884 2297 953 2334 326·

327 2336 392 2371 (y)
419 2339 444 2364 L,
469 2336 580 2367 >tvm
604 2344 632 2374 p.
645 2346 672 2375 9.

328 2378 395 2414 (x)
419 2374 491 2406 lbid
