1955 2732
293 131 346 170 32
505 119 624 162 LIB.
659 120 806 164 XXX
871 115 1035 164 VITA
1066 121 1346 176 ,HUMANA
1383 120 1458 163 ET
1498 114 1684 161 MORS.

347 215 497 267 Aliquid
522 217 624 268 poss'e
648 219 689 257 in
714 221 875 270 partium
903 221 1070 270 corporis
1092 218 1295 259 cohaesione
1317 220 1353 257 δε
1375 218 1528 257 duritate
1555 214 1720 265 augenda
1738 211 1882 251 muscu-

287 277 413 316 lorum
436 276 654 327 preffionem
673 282 688 327 (
705 281 720 316 i
737 281 774 324 ),
795 279 886 317 olim
911 279 1156 323 ostendimus,
1188 291 1307 329 neque
1328 286 1449 317 tamen
1472 275 1786 315 dissimulavimus,
1808 269 1884 310 abs-
1924 323 1926 326 v

289 348 363 386 que
389 348 430 374 ea
447 337 481 374 vi
498 335 644 376 officula
667 338 809 377 auditus
829 339 867 375 in
892 337 1025 378 durum
1049 338 1129 377 satis
1151 351 1192 377 os
1217 340 1331 381 abire,
1363 349 1404 375 os
1427 336 1612 386 petrosum
1634 335 1742 372 etiam
1764 332 1802 370 in
1819 332 1888 370 dix-

290 394 468 433 riffimum
483 424 493 438 ‚
531 396 770 447 dentiumque
789 399 941 435 vitream
970 398 1123 437 crustam
1143 410 1189 436 ex
1212 398 1321 436 succo
1341 397 1475 434 viscido
1488 425 1496 438 ‚
1523 397 1561 433 in
1580 394 1758 432 summam
1774 389 1881 441 fragi-

288 455 450 498 litatem,
483 467 554 492 una
575 456 610 492 ὃς
635 455 830 494 duritatem
861 456 1008 494 densari,
1059 456 1105 495 Et
1131 457 1278 506 adparet
1302 464 1424 494 tamen
1441 483 1450 498 ,
1485 456 1592 492 etiam
1611 463 1680 503 per
1703 451 1856 489 morbos
1873 479 1882 494 ‚

290 514 403 552 robur
429 512 559 551 offium
581 526 668 552 cum
694 515 943 554 musculorum
967 515 1094 555 labore
1121 516 1288 554 crescere.
1324 514 1482 553 Musculi
1507 516 1546 551 in
1573 523 1675 551 crure
1698 510 1884 567 contracto

289 580 416 611 tenues
431 599 441 615 ,
478 571 551 609 offa
568 572 678 616 levia,
710 575 912 623 pellucida‚
948 576 984 612 &
1005 575 1124 614 femur
1143 575 1303 614 frustum.
1354 573 1398 612 ln
1420 573 1533 611 altero
1553 572 1662 610 latere
1683 577 1806 608 motus
1828 568 1885 608 su-

289 639 450 682 pererat,
482 630 543 669 sed
567 634 677 669 etiam
705 632 785 672 offis
810 641 937 672 natura
966 643 1040 672 erat
1066 637 1278 683 incorrupta
1307 635 1396 681 (k).

349 691 571 729 Arteriarum
599 691 802 731 salientium
838 692 1059 742 compreffio
1085 694 1221 744 aliquid
1251 693 1392 743 potest,
1422 691 1467 729 ad
1488 684 1698 729 elidendum
1716 687 1883 731 succum,

290 750 336 789 ad
356 750 646 800 compingendas
675 759 794 801 partes
813 752 953 790 solidas.
1005 752 1120 791 Vides
1135 783 1144 796 ,
1173 760 1214 791 ut
1236 750 1310 790 offa
1333 752 1500 800 occipitis
1515 780 1525 794 ,
1555 757 1789 798 temporum,
1808 746 1887 785 -sm-

291 811 410 858 cipitis
426 838 435 852 ,
468 811 506 846 in
534 809 662 847 duram
685 823 776 855 una,
810 813 847 849 δι
872 823 1001 861 parum
1020 812 1129 851 latam
1146 812 1318 850 laminam
1344 812 1499 864 abeant,
1534 821 1606 860 qua
1624 809 1747 858 magni
1765 807 1887 846 ‘trunci

291 870 501 906 arteriarum
534 870 773 908 accumbunt.

350 926 524 976 Denique
551 940 639 965 cum
673 931 784 967 etiam
804 929 900 968 succi
924 929 1067 968 fetuum
1085 931 1122 968 in
1149 930 1342 978 juvenibus
1363 941 1464 968 nunc
1489 926 1671 966 denfiores
1696 924 1786 968 fint,
1814 923 1889 962 nas-

293 993 423 1025 centur
450 986 621 1024 solidiora
650 987 699 1037 (l
714 988 730 1038 )
757 1001 804 1026 ex
825 988 1067 1027 solidioribus.
1103 988 1256 1038 Sanguis
1280 991 1378 1027 enim
1399 989 1513 1037 magis
1538 987 1611 1029 est,
1640 997 1750 1037 quam
1777 984 1886 1027 fetui,

295 1045 589 1088 concrescibilis‚
627 1048 728 1085 urina
755 1048 837 1097 plus
863 1056 965 1086 terrae
990 1048 1128 1092 habet,
1163 1049 1245 1099 plus
1278 1055 1380 1086 terrae
1408 1047 1445 1084 &
1473 1046 1549 1084 salis
1577 1046 1681 1092 bilis;
1711 1043 1815 1083 faeces
1841 1043 1890 1081 al-

296 1107 387 1143 vinae
414 1117 483 1154 pro
508 1104 626 1143 fluidis
658 1118 758 1144 nunc
780 1107 935 1157 plasticae
961 1107 1179 1151 succedunt,
1217 1109 1254 1146 δε
1279 1120 1348 1158 pro
1376 1105 1646 1157 gelatinafetus
1671 1116 1784 1155 aquea
1805 1102 1889 1142 soli-

296 1164 380 1202 dior
408 1164 571 1202 medulla
589 1193 598 1207 ‚
634 1165 670 1203 &
696 1166 847 1204 solidior
876 1166 996 1217 adeps.

353 1223 493 1262 Merito
519 1236 609 1273 ergo
639 1232 740 1263 totus
766 1226 881 1264 infans
905 1255 915 1270 ‚
951 1229 1015 1277 qui
1044 1227 1116 1267 fuit
1143 1225 1337 1266 leviffimus
1364 1239 1434 1276 pro
1463 1225 1574 1263 molis
1598 1224 1667 1264 suae
1683 1222 1894 1274 portione,

294 1282 421 1321 sensim
441 1284 606 1332 pondere
635 1285 783 1323 interno
811 1287 1002 1336 augebitur
1031 1289 1133 1335 (m).
1187 1286 1233 1325 Et
1258 1287 1302 1325 de
1329 1285 1500 1324 universis
1521 1285 1642 1323 solidis
1668 1283 1828 1334 partibus
1847 1281 1892 1329 li-

296 1343 394 1380 cebit
414 1345 653 1391 pronuntiare
670 1373 679 1387 ‚
717 1345 853 1383 densari
878 1358 955 1389 eas,
988 1346 1142 1397 plusque
1168 1346 1300 1384 habere
1321 1345 1507 1383 firmarum
1527 1346 1686 1394 partium
1707 1343 1793 1390 (n)
1814 1353 1824 1378 .·
1855 1341 1893 1379 8:

300 1400 413 1450 possis
437 1402 569 1439 addere
585 1431 594 1444 ‚
618 1401 747 1440 fibram
764 1405 981 1447 humanam,
1015 1417 1094 1454 quae
1114 1405 1176 1443 diu
1196 1407 1232 1442 &
1248 1405 1451 1455 plurimum
1473 1404 1622 1441 distenta
1641 1402 1767 1444 fuerit,
1792 1411 1894 1438 nunc

300 1461 345 1497 ab
371 1453 499 1497 'iisdem
521 1459 631 1499 caufis
663 1463 783 1500 minus
811 1462 973 1500 distendi.
1028 1463 1127 1501 Nam
1151 1465 1257 1501 etiam
1285 1465 1323 1500 in
1348 1462 1485 1501 chorda
1509 1475 1528 1500 a
1552 1463 1698 1511 paribus
1720 1458 1893 1511 ponderi-

300 1519 368 1558 bus
383 1548 392 1562 ,
423 1520 550 1568 primae
578 1519 806 1559 extensiones
832 1534 974 1570 magnae
999 1521 1104 1565 sunt,
1131 1522 1216 1560 inde
1241 1520 1369 1559 sensim
1393 1523 1566 1559 minores.
1602 1521 1618 1563 (
1634 1521 1698 1567 0).

359 1578 485 1625 Quare
517 1590 602 1616 cum
631 1581 811 1618 continuo
838 1580 1040 1618 refistentiae
1064 1590 1288 1630 augeantur,
1323 1582 1359 1618 &
1384 1582 1506 1618 minor
1522 1579 1582 1618 fiat
1602 1578 1795 1618 fluidarum
1812 1591 1892 1629 par-
1923 1604 1928 1608 -

300 1638 393 1675 tium
421 1638 459 1674 in
488 1649 647 1687 corpore
674 1640 799 1687 portio
819 1668 829 1683 ‚
868 1641 905 1677 &
932 1641 1048 1689 major
1078 1640 1276 1679 solidarum
1294 1668 1303 1683 ,
1344 1652 1429 1678 curn
1464 1646 1635 1689 praeterea
1677 1649 1806 1678 omnes
1845 1651 1894 1678 eae

301 1696 422 1735 solidae
445 1704 564 1746 partes
587 1706 768 1746 perpetuo
795 1698 975 1737 densiores
1004 1698 1110 1742 fiant,
1146 1701 1182 1737 δι
1207 1701 1353 1738 interim
1378 1700 1470 1738 vires
1493 1698 1729 1736 extendentes
1755 1697 1893 1736 decres-

303 1764 406 1799 cant,
438 1768 524 1794 cum
543 1768 606 1794 cor
627 1769 696 1806 pro
716 1759 891 1806 portione
916 1758 1085 1796 reddatur
1105 1761 1246 1802 minus,
1282 1760 1318 1796 &
1345 1760 1466 1797 minus
1483 1758 1673 1801 irritabile,
1706 1758 1742 1796 &
1767 1757 1891 1806 pulsus

301 1816 516 1865 pauciores,
549 1816 587 1853 &
613 1816 698 1859 viae,
729 1829 794 1866 per
820 1829 907 1867 quas
935 1817 1117 1866 sanguinis
1144 1818 1310 1861 advenit,
1337 1820 1568 1861 minuantur,
1593 1816 1750 1867 superest
1766 1825 1808 1856 ut
1824 1819 1892 1855 mi-

303 1886 374 1912 nor
399 1873 462 1917 fit,
495 1876 532 1912 δι
557 1876 679 1914 minor
698 1874 858 1926 semper,
887 1877 1046 1926 partium
1070 1876 1255 1915 firmarum
1283 1877 1443 1916 dilatatio
1459 1906 1469 1921 ,
1502 1878 1623 1915 minus
1649 1876 1741 1914 adeo
1773 1878 1892 1915 incre-

304 1940 483 1972 mentum,
533 1933 578 1972 Et
615 1934 773 1984 denique
793 1964 802 1978 ,
839 1936 1086 1986 quodcunque
1113 1936 1220 1974 fuerit
1247 1937 1367 1974 cordis
1393 1938 1432 1974 in
1466 1936 1544 1975 fetu
1575 1934 1887 1986 superponffium,

306 1992 345 2032 id
381 1992 532 2032 demum
565 1993 608 2031 ab
645 1994 837 2034 obstaculis
874 1993 1013 2034 necesse
1056 1995 1105 2033 est
1143 1995 1359 2046 aequilibrati
1381 2024 1391 2040 ,
1431 1997 1466 2034 &
1497 1995 1692 2047 aliquando
1720 1994 1888 2045 superari,

1750 2054 1894 2094 Termi,—
1909 2078 1911 2082 ι

351 2156 546 2194 (i)L.X1.
579 2168 607 2196 p.
632 2168 700 2199 57¹·

352 2199 420 2236 (ἂ)
441 2198 643 2230 nanuum
669 2199 703 2231 T.
726 2200 780 2231 lv.
810 2211 839 2240 p.
867 2211 915 2241 37.

352 2239 870 2276 (t)}1AMnuoaa.Secret.
901 2253 1002 2282 μη.

353 2278 431 2317 (m)
456 2281 659 2311 Seuwnmtss
692 2284 872 2322 Hamutolog.
903 2295 931 2322 p.
957 2290 1025 2318 128·

352 2318 425 2357 (ιι)
448 2321 678 2354 HAMnuon.
706 2325 804 2355 secret.
827 2334 855 2362 p.
878 2333 924 2361 35.
954 2324 1084 2355 Momo
1116 2324 1153 2363 os
1169 2325 1216 2356 the
1230 2326 1314 2357 bonet
1340 2337 1369 2367 p.
1394 2336 1439 2358 m,

353 2359 424 2398 (o)
445 2361 794 2399 Musscnmnoxex.
823 2362 920 2407 cobaefi
942 2374 1015 2406 corp.
1044 2375 1072 2405 p.
1097 2375 1163 2405 530·
1294 2362 1299 2368 “
