1955 2732
287 155 379 201 ἠε
789 121 1417 190 anne‘nn'i.

284 244 449 302 quorem
462 255 583 287 acrem
595 247 610 291 ξ
639 247 705 298 qui
720 241 857 285 chartas
867 273 878 289 ‚
912 244 1010 295 ligna
1024 273 1035 290 ‚
1071 244 1208 297 lapides
1218 273 1229 291 ,
1262 243 1409 284 metalla
1429 240 1588 284 diffolvit
1601 240 1642 284 Τ
1651 241 1680 284 1'1
1692 254 1746 284 w
1756 255 1780 285 ι
1790 255 1816 284 u
1828 254 1850 283 x.
1859 254 1888 285 τ

228 358 231 359 ⁷
289 322 328 362 p.
354 320 431 354 113.

351 369 388 408 P.
409 375 502 415 338.
537 366 618 406 Lin.
647 376 683 406 2.
714 365 805 405 adde
825 363 944 403 Leone.

1013 482 1054 521 L.
1087 481 1194 521 XX.

349 606 387 645 P.
407 615 500 656 344.
535 602 634 643 Intra
666 609 728 650 17.
758 601 896 640 menses
922 613 988 653 per
1013 601 1260 652 paracentefin
1288 603 1461 643 iteratam
1487 600 1623 640 eduEtae
1640 611 1755 652 vaqu'ae
1787 601 1885 642 libre

291 673 387 713 684.
427 663 514 715 Ohff.
539 662 581 712 of
604 676 626 702 a
648 663 757 712 societ
776 668 815 700 at
848 662 957 701 Loml.
981 663 1007 699 l.
1029 675 1062 700 n.
1082 674 1136 709 15.

350 727 384 766 P.
410 733 503 776 360.
540 722 801 762 Mesenterium
829 719 939 760 etiani
964 724 1002 760 in
1029 722 1227 762 maciiento
1244 724 1382 773 pingue
1409 722 1489 762 Mo
1505 732 1598 760 Rea
1612 732 1688 759 GN.
1699 719 1774 771 sed.
1790 721 1881 771 caujl

289 785 400 831 morh.
424 786 471 823 tl.
497 795 530 833 p.
561 794 623 828 15.

350 845 387 884 Ρ.
406 851 499 888 361.
535 842 718 880 Tumores
741 841 943 880 mesenterii
970 841 1251 880 innumerabiles
1276 843 1423 880 omitto.
1458 839 1553 880 Ecce
1569 841 1723 879 unicum
1752 839 1884 879 Saccus

295 915 348 942 ιο
392 903 534 952 gallons
565 911 681 951 capax
707 913 793 939 cum
819 901 984 950 plurimis
1007 900 1239 950 hydatidibus
1255 901 1469 939 minoribus
1525 899 1574 937 Ea
1594 911 1685 950 aqua
1701 901 1795 937 inter
1819 899 1886 938 du-

290 962 418 1016 plices
427 962 575 999 laminas
601 959 806 999 mesenterii
833 960 942 999 effusa
971 960 1083 1009 hepar
1113 961 1150 998 &
1181 960 1425 998 ventriculum
1459 960 1497 997 in
1527 958 1715 997 thoracem
1739 965 1882 1009 egerat,

288 1035 406 1061 venas
422 1034 513 1071 coag
512 1028 592 1059 erat
622 1022 659 1058 in
680 1022 813 1059 varices
849 1020 945 1058 abire
974 1019 1011 1056 &
1044 1021 1167 1069 rumpi
1189 1019 1371 1058 MOYLE
1402 1019 1489 1059 chir
1517 1015 1616 1057 mdm.
1643 1029 1679 1068 p.
1711 1023 1774 1061 38.
1808 1016 1886 1056 Tu-

280 1094 372 1121 mor
388 1081 589 1119 mesenterii
623 1092 709 1118 cum
740 1079 991 1130 hydatidibus‚
1025 1082 1133 1118 etiam
1153 1079 1390 1129 cartilagineis
1411 1080 1599 1129 partibus,
1629 1079 1776 1127 triginta
1800 1077 1880 1117 libr.

288 1142 454 1193 pondere
482 1139 628 1179 Himz
661 1138 728 1178 lX.
761 1152 792 1178 c.
806 1153 830 1178 1.

349 1200 611 1239 Mesentenum
629 1198 904 1249 amplissimum,
939 1198 1190 1249 ponderosum
1205 1229 1215 1244 ,
1250 1197 1389 1238 sursum
1415 1198 1453 1235 δι
1474 1196 1644 1236 deorsum
1664 1195 1853 1236 extensum
1867 1223 1878 1239 ,

290 1260 395 1311 adipe
417 1261 510 1298 duro
543 1259 697 1310 plenum
720 1258 748 1297 B
763 1272 781 1296 A
800 1272 824 1297 D
839 1272 859 1297 E
875 1272 896 1296 R
918 1260 984 1308 obs.
1019 1271 1083 1296 20.
1492 1276 1497 1280 .

347 1321 385 1359 P.
407 1326 500 1365 367.
536 1319 691 1358 Omenti
723 1320 870 1367 majoris
891 1318 1038 1369 pondus
1061 1317 1121 1356 lib.
1150 1330 1174 1355 ι.
1211 1317 1339 1356 8Αυν
1357 1328 1484 1355 AGES.
1513 1313 1616 1364 nofol.
1637 1314 1666 1352 J.
1691 1327 1725 1364 p.
1753 1326 1848 1361 499.

348 1378 387 1418 P.
411 1388 505 1424 372.
541 1378 695 1417 Omenti
726 1379 874 1426 maj0ris
901 1377 1025 1416 scirrhi
1050 1378 1087 1415 &
1118 1378 1327 1415 steatomata
1360 1376 1516 1426 vulgaris
1540 1375 1614 1413 fere
1631 1373 1714 1413 sunt
1729 1375 1880 1412 notitiae.

282 1437 332 1477 ‘In
365 1437 627 1487 appendicibus
667 1436 857 1486 epiploicis
887 1438 996 1473 etiam
1025 1436 1194 1473 scirrhosa
1222 1443 1347 1473 natura
1367 1435 1437 1472 visa
1469 1435 1520 1471 est
1536 1433 1698 1471 BADER
1728 1433 1794 1480 obs
1819 1428 1881 1477 19.

349 1497 386 1535 P.
412 1502 504 1540 382.
542 1495 677 1533 Deleto
705 1500 861 1533 omento
889 1494 1053 1532 intestina
1077 1495 1113 1532 ὃς
1141 1494 1236 1531 inter:
1263 1493 1298 1532 se
1318 1500 1449 1532 mutuo
1478 1500 1653 1536 connata,
1690 1493 1727 1530 &
1750 1492 1796 1530 ad
1819 1502 1880 1541 pe-

281 1556 486 1603 ritonaeum
514 1553 543 1593 B
555 1565 578 1591 A
592 1565 617 1591 D
631 1564 651 1591 E
667 1566 689 1592 a
717 1552 783 1601 obs.
812 1563 826 1588 1
841 1558 875 1587 6.
1436 1579 1443 1602 x

983 1659 1023 1699 L.
1054 1658 1193 1699 XXI.

274 1773 297 1804 -ἶ·
349 1772 386 1812 Ρ.
407 1778 500 1817 388.
535 1770 665 1810 Lienes
695 1776 766 1806 tres
795 1770 955 1807 minores
986 1768 1227 1807 Mfinlcus
1261 1768 1492 1808 §Vnhrnehm
1520 1780 1555 1818 p.
1575 1775 1637 1812 81.

350 1831 386 1869 P.
413 1841 506 1877 395.
549 1828 670 1868 Lienis
699 1830 736 1866 in
756 1829 1007 1877 magnitudine
1026 1830 1209 1867 varietates
1241 1828 1416 1878 plurimae.
1448 1827 1540 1866 Lien
1568 1830 1741 1867 librarum
1774 1839 1808 1867 2.
1838 1840 1875 1878 p.

294 1897 359 1933 31.
384 1889 532 1942 ὃεξΡ.
554 1900 620 1934 75.
651 1889 686 1927 Sc
720 1900 751 1934 3
787 1888 847 1926 lib.
868 1887 1144 1926 Mnmcusl
1172 1900 1201 1926 c.
1232 1900 1268 1937 p.
1290 1901 1356 1934 70.
1390 1888 1481 1927 Lien
1515 1899 1546 1933 3.
1562 1888 1620 1925 h'b.
1646 1900 1728 1926 unc.
1753 1899 1814 1924 11.
1839 1891 1878 1926 in

290 1950 516 2001 dysenterico
550 1947 777 1987 Pinnem:
807 1960 841 1998 p.
868 1954 960 1997 264.
995 1946 1086 1985 Lien
1117 1957 1151 1992 3.
1180 1947 1287 1985 tlib.
1317 1960 1402 1986 cum
1432 1948 1577 1986 calculis
1602 1947 1713 1985 telleis
1748 1946 1872 1992 Joum.

288 2010 328 2048 de
359 2008 542 2048 Me‘decine
571 2021 652 2046 ann
682 2018 803 2053 1757.
836 2021 884 2045 m
917 2007 1119 2045 Novexibr.
1151 2006 1242 2044 Lien
1271 2019 1305 2053 4
1337 2008 1397 2045 lib
1431 2009 1468 2047 ii
1511 2007 1610 2044 febie
1639 2014 1797 2044 mermi
1800 2016 1878 2044 ten

288 2076 324 2106 te
344 2068 542 2108 MONRO
567 2068 677 2128 diseas
712 2065 754 2116 os
782 2067 904 2116 hoslit.
942 2078 977 2116 p
1005 2072 1094 2111 198
1133 2065 1175 2103 ln
1203 2066 1361 2105 febribus
1388 2068 1710 2105 intermittentibus
1738 2065 1810 2103 lien
1827 2066 1877 2104 est

288 2140 349 2171 ea,
385 2141 465 2178 quae
491 2127 643 2170 dicitur,
677 2126 842 2176 placenta
873 2126 1001 2164 lnam
1032 2125 1118 2163 ibid.
1145 2125 1204 2163 Sic
1226 2127 1264 2163 in
1292 2126 1478 2169 Surfflmn,
1512 2126 1572 2164 vel
1597 2125 1693 2169 lien,
1728 2125 1785 2163 vel
1812 2124 1876 2162 he-

277 2198 351 2236 par
373 2189 456 2237 post
475 2186 614 2225 febrem
637 2185 840 2224 intumescit
869 2185 1237 2224 Fenniin.271alad5
1270 2197 1306 2235 p
1334 2193 1398 2231 85.
1433 2185 1477 2224 ln
1490 2184 1640 2233 porcello
1675 2183 1876 2234 Caffoviensz'

287 2245 360 2283 lien
387 2246 520 2290 durus,
553 2245 673 2284 tensus
691 2275 699 2288 ,
735 2245 905 2293 sanguine
932 2245 1060 2294 plenus
1091 2246 1320 2283 Aoomm
1349 2245 1394 2284 de
1425 2257 1470 2283 eo
1501 2246 1644 2283 morbo.

275 2326 278 2329 ·
347 2304 384 2344 P.
409 2316 505 2353 410.
538 2306 654 2347 Porro
670 2304 716 2344 ad
737 2304 840 2343 lienis
859 2316 944 2345 cum
962 2304 1094 2355 hepate
1113 2303 1339 2356 qonsensum.
1363 2305 1454 2345 Lien
1467 2305 1634 2355 grandis,
1668 2315 1753 2343 cum
1768 2314 1874 2353 gran-

1836 2361 1873 2403 di
