1955 2732
291 105 370 149 ΞΜ
751 104 846 146 LIB.
870 105 1018 146 XXIX
1077 106 1107 146 F
1136 107 1165 147 E
1195 108 1229 147 T
1259 107 1295 147 U
1324 109 1357 148 S.

395 214 442 254 Et
466 216 651 264 primurn,
679 213 769 263 quid
792 212 834 251 fit
857 214 1016 252 modulus
1034 214 1072 259 ιι)
1099 216 1283 254 interior?
1313 216 1407 254 adeo
1437 228 1514 254 non
1545 218 1757 268 intelligunt
1791 219 1845 258 Cl.

286 273 354 309 viri
375 299 397 322 ,ῃ
415 278 458 310 ut
478 270 544 321 ipsi
559 271 738 308 fateantur
752 298 762 313 ,
794 269 949 320 septimo
968 270 1068 309 sensu
1088 284 1155 309 nos
1176 285 1282 321 egere
1298 301 1308 316 ,
1343 280 1384 310 ut
1403 273 1646 322 intelligamus
1657 275 1706 320 h).

399 351 480 402 Ego
500 352 650 402 quidem
674 351 802 388 videor
830 351 921 388 mihi
944 351 1037 390 adeo
1057 365 1134 391 non
1155 354 1379 402 intelligere,
1399 360 1440 391 ut
1458 354 1612 403 perferte
1634 356 1847 405 intelligam,

290 409 469 456 ejusmodi
490 408 694 454 modulum
708 407 785 445 dari
805 420 884 445 non
909 407 1018 457 posse.
1080 409 1133 447 Sit
1161 411 1318 452 animal,
1350 410 1451 459 quod
1485 423 1552 459 pro
1586 419 1733 460 parente
1765 414 1814 450 est
1836 414 1854 456 ,'

290 467 463 516 1¹ete‚-iii
489 466 590 516 cujus
615 464 743 500 areolis
773 463 822 501 est
849 466 1014 502 materies
1041 465 1171 503 fluida:
1203 466 1265 504 hic
1290 467 1339 504 est
1364 465 1638 515 iimpliciffimus
1664 469 1847 507 modulus.

289 520 478 559 Particulae
495 549 505 563 ‚
527 528 619 570 'quae
634 533 678 557 eo
695 519 849 558 modulo
863 521 1098 560 continentur
1114 551 1122 565 ‚
1142 523 1270 571 utique
1290 524 1329 559 in
1345 524 1434 560 areis
1444 524 1721 572 triangularibus
1739 527 1852 562 trian-

292 577 434 626 gulares
451 577 549 619 fient,
570 578 606 613 in
631 576 811 627 quadratis
830 577 1021 626 quadratae,
1042 579 1077 616 ὁὶ
1093 577 1138 616 fic
1153 591 1266 627 porro
1281 578 1413 627 figuras
1435 592 1598 617 arearum
1621 583 1837 630 expriment.

380 697 382 699 ,
404 658 547 697 Verum
575 657 684 695 misce
708 670 807 696 nunc
831 658 1008 707 ejusmodi
1028 660 1246 708 particulas3
1278 660 1441 709 sperasne
1464 673 1520 698 eas
1545 661 1673 710 sponte
1694 662 1728 700 se
1752 662 1849 711 sepa-

289 722 427 753 raturas
444 743 454 758 ‚
486 722 528 753 ut
551 726 704 764 quaeque
732 713 841 752 claffis
867 715 899 752 se
924 715 968 753 ad
992 715 1090 753 suam
1116 716 1266 759 referat,
1300 717 1356 759 ὃς,
1378 719 1415 754 in
1436 719 1548 755 unico
1574 718 1744 767 exemplo
1768 731 1851 767 par-

292 771 410 809 ticulae
437 770 612 808 arteriosae
628 799 638 814 ,
672 783 751 820 quae
770 771 812 808 ab
830 773 1002 810 omnibus
1025 775 1161 809 arteriis
1186 771 1316 809 ssmiles
1338 773 1561 816 adveniunt,
1593 774 1737 812 nullum
1751 776 1850 812 enim

291 827 452 865 sensibile
475 829 611 864 arteriae
631 827 801 865 carotidis
829 840 848 864 a
876 828 1042 866 femorali
1068 828 1259 867 discrimen
1283 831 1332 866 est
1354 842 1364 874 3
1397 838 1437 867 ut
1465 841 1554 878 ergo
1584 830 1638 867 hae
1666 831 1850 879 particulae

291 884 467 921 arteriosae
502 883 537 920 se
564 884 701 921 struant
731 886 769 920 in
796 883 943 933 systema
974 885 1187 923 arteriosum
1225 914 1235 928 ,
1285 885 1387 935 quod
1418 886 1521 923 cordi
1547 886 1580 923 se
1608 886 1779 935 adaptet,
1812 888 1849 924 ἃ.

290 948 432 988 reparet
453 940 645 982 arbor-‚em
670 942 755 977 inde
780 952 799 977 a
820 941 931 978 corde
963 942 1007 978 ad
1041 953 1169 979 omnes
1194 948 1313 1018 partes
1345 944 1535 993 corporis,
1563 954 1648 980 cum
1672 949 1850 993 perpetua

290 1009 477 1034 rumorum
503 995 590 1032 serie
614 996 788 1034 eductam.

302 1112 309 1119 .
351 1111 353 1115 ,
406 1077 590 1115 Particulae
617 1079 725 1114 etiam
755 1076 987 1120 musculosae‚
1020 1090 1100 1127 quae
1130 1077 1174 1115 de
1201 1077 1336 1115 fibrillis
1363 1078 1446 1116 sunt
1480 1077 1656 1123 remiffae,
1691 1080 1727 1117 &
1762 1092 1849 1129 quas

288 1146 404 1183 ponas
440 1146 519 1171 non
559 1133 659 1182 posse
695 1133 760 1170 nisi
796 1135 834 1170 in
866 1133 1010 1170 fibrillas
1041 1134 1208 1182 recolligi
1239 1163 1247 1176 ‚
1282 1148 1330 1172 eae
1360 1147 1459 1173 nunc
1485 1136 1670 1185 particulae
1699 1137 1851 1174 abibunt

288 1192 328 1227 in
358 1198 415 1227 tot·
440 1189 608 1227 definitos
633 1189 816 1228 musculos
836 1218 846 1233 ,
880 1202 945 1239 per
977 1190 1037 1228 sua
1075 1189 1194 1228 officia
1227 1191 1511 1234 determinatos,
1545 1191 1588 1228 ad
1622 1191 1849 1230 certiffimam

288 1246 494 1284 mensuram
519 1246 654 1295 longos
682 1245 906 1296 crassosque,
928 1247 965 1283 δε
989 1246 1022 1284 se
1038 1246 1260 1296 adaptabunt
1274 1249 1312 1284 in
1332 1248 1409 1285 haec
1422 1260 1540 1297 neque
1555 1248 1621 1285 alia
1636 1247 1723 1291 offa,
1738 1251 1852 1297 inque

289 1315 420 1340 eorum
452 1301 581 1340 offium
611 1301 855 1352 praescriptam
887 1302 1016 1340 sedem.
1087 1303 1183 1340 Mihi
1209 1303 1358 1352 quidem
1389 1304 1442 1340 hae
1467 1303 1673 1352 particulae,
1698 1303 1723 1341 fi
1746 1306 1783 1341 in
1808 1304 1851 1342 fi-

290 1360 409 1396 brillas
429 1359 656 1401 coalescunt,
674 1359 765 1396 nihil
786 1360 927 1396 fasturae
945 1359 1134 1403 videntur,
1154 1358 1219 1396 nifi
1236 1360 1426 1398 confusum
1442 1359 1645 1409 glomerem
1666 1361 1847 1399 fibrarum.

401 1440 600 1489 Utcunque
630 1442 751 1490 itaque
782 1440 899 1478 faveas
934 1439 988 1478 Cl.
1014 1442 1122 1482 viro,
1156 1441 1192 1477 ἃ
1222 1440 1415 1490 particulas
1442 1440 1610 1490 figuratas
1642 1444 1675 1478 ei
1703 1442 1848 1485 dones,

290 1498 399 1533 etiam
420 1497 494 1534 hoc
521 1496 581 1533 des
601 1525 610 1539 ‚
644 1510 722 1533 non
745 1496 925 1534 adhaerere
946 1525 955 1539 ‚
989 1497 1053 1533 nifi
1071 1497 1159 1544 juste
1191 1498 1227 1533 Sc
1257 1505 1339 1547 apte
1361 1497 1395 1534 se
1421 1499 1645 1546 contigerint
1665 1497 1697 1542 c)
1712 1527 1724 1540 ,
1755 1510 1849 1535 nun-

290 1565 399 1602 quam
417 1560 538 1590 tamen
561 1553 654 1590 ordo
673 1553 886 1591 renascetur.
922 1552 959 1590 Si
975 1553 1132 1602 denique
1154 1553 1292 1590 sensum
1314 1556 1355 1590 iis
1376 1554 1561 1596 tribueris,
1586 1561 1717 1591 utnon
1738 1555 1849 1591 alium

291 1610 499 1646 contactum
531 1610 648 1646 ferant
667 1637 677 1652 ,
722 1610 786 1646 nili
813 1622 889 1658 quo
917 1610 1101 1658 particulcc
1132 1610 1291 1658 analoga:
1317 1610 1382 1647 fibi
1409 1610 1645 1659 respondeant
1665 1610 1726 1654 d),
1759 1609 1850 1646 nihil

289 1673 412 1702 tamen
434 1665 493 1702 fiet
509 1694 518 1708 ,
551 1665 615 1702 nisi
636 1665 782 1714 glomer
803 1666 997 1708 fibrarum,
1032 1666 1068 1702 Sc
1095 1665 1288 1715 confusum
1313 1674 1388 1704 rete
1419 1666 1673 1704 arteriosoruru
1698 1666 1847 1703 tubulo-

288 1733 394 1765 rum,
430 1723 465 1758 Sc
491 1734 690 1759 nervorum
717 1734 888 1766 acervus,
916 1721 952 1759 &
974 1720 1112 1760 ossium.
1173 1721 1289 1771 Leges
1307 1722 1339 1766 e)
1369 1720 1518 1771 quidem
1544 1724 1644 1770 ajunt
1662 1722 1751 1766 effe,
1783 1735 1848 1760 cur

288 1791 365 1816 non
405 1778 505 1816 aliter
538 1778 602 1815 nisi
644 1779 681 1814 in
710 1780 825 1827 priori
851 1779 979 1817 ordine
1005 1778 1040 1817 se
1065 1779 1263 1827 disponant.
1326 1778 1443 1816 Facile
1470 1779 1569 1816 vides
1586 1808 1596 1822 ,
1627 1781 1664 1816 in
1692 1780 1848 1816 tenebris

290 1834 343 1872 Cl.
367 1836 464 1872 viros
482 1834 514 1871 se
534 1834 727 1872 occultare.
790 1835 937 1884 Sapiens
945 1833 991 1884 f)
1012 1835 1111 1872 causa
1138 1834 1379 1878 desideratur,
1413 1847 1491 1885 quae
1515 1843 1636 1884 aptam
1659 1837 1849 1873 materiem

290 1891 337 1927 ad
361 1890 528 1940 praexvisos
555 1892 644 1929 fines
676 1891 831 1928 ordinet.

814 1985 846 2027 §.
883 1980 994 2021 XIX.
1056 1980 1320 2019 Similitudines.

401 2062 600 2112 Supersunt
624 2064 804 2111 graviora.
867 2063 1020 2101 Certum
1050 2063 1098 2101 est
1118 2064 1191 2100 dari
1215 2064 1394 2112 plurimos
1413 2062 1512 2101 fetus
1536 2060 1727 2112 parentum
1753 2060 1847 2098 diffi-

1722 2118 1843 2156 miles:

328 2173 360 2205 a]
384 2172 520 2201 Naturam
536 2179 631 2202 tamen
646 2172 786 2209 ejusmodi
802 2171 934 2203 modulos
948 2171 1026 2210 poffe
1040 2182 1139 2210 parare
1154 2171 1282 2203 Burrox
1296 2171 1331 2202 ΙΙ.
1349 2181 1376 2210 p.
1394 2181 1440 2211 34.

328 2213 690 2249 h)1’wcou1‹s.p.40.

328 2255 359 2287 c)
382 2252 453 2281 Vm
473 2263 533 2282 Dm<
547 2253 670 2283 Mimos
688 2254 748 2283 ΜΗ
764 2255 796 2282 «αἱ
806 2252 1126 2295 pe1fia3i0n21e1l⁷2spekce
1142 2255 1278 2283 mamm
1294 2263 1323 2291 p.
1344 2257 1407 2283 146.

329 2294 362 2329 d)
386 2292 809 2331 GODAR·r.del’a;1.·tep.143.

329 2334 356 2367 ο)
383 2333 598 2370 l’ixrcooxrtp
615 2338 651 2369 64
667 2343 731 2363 2.οο
740 2343 806 2370 203.

289 2372 363 2442 ovs)
391 2375 425 2402 Ρ
430 2371 880 2413 saedellzstonenatznllep
892 2385 940 2411 40
954 2374 993 2413 sq.
1021 2377 1094 2406 Letti
1096 2375 1240 2407 mulum.
1258 2374 1292 2405 T.
1312 2374 1383 2408 Vlll.
1397 2385 1424 2413 p.
1440 2383 1494 2406 212
1499 2375 1560 2413 .s1.
1599 2373 1747 2406 Bommr.
1763 2377 1844 2413 Corps

307 2415 412 2453 ragan&
404 2412 467 2444 e'sl.
484 2423 511 2452 p.
531 2423 577 2452 99
