1955 2732
306 110 1379 160 sze7211.necnssmen·rum
1548 127 1630 166 ηρ

120 212 293 254 Fortunae
320 212 425 253 dotes
452 211 584 252 veliem
617 210 820 260 ejusmodi,
855 223 902 250 ne
929 212 1035 250 anxie
1064 210 1204 251 necesse
1233 211 1277 250 fit
1301 213 1501 263 concupire
1536 213 1643 264 quid„

57 285 194 324 quam5
227 286 351 325 parem
369 302 379 317 ‚
405 285 483 312 uno
509 272 622 310 verbo
638 299 648 315 .
683 270 864 310 desideriis
881 300 893 316 ‚
927 272 1125 323 malimque
1151 272 1226 310 fere
1246 272 1292 309 de
1317 271 1497 312 desideriis
1515 274 1638 312 deme-

55 345 126 377 re,
161 347 272 384 quam
300 333 431 373 addere
459 332 625 371 fortunis.

122 392 220 432 Intra
251 406 320 432 nos
346 393 396 432 est
418 391 662 442 primordium
683 392 851 442 corporis
877 391 1000 430 sanum
1024 404 1043 429 a
1071 399 1175 441 patre
1199 390 1285 429 sano
1301 419 1311 433 ,
1346 398 1460 429 matre
1478 390 1557 429 sana
1578 403 1639 430 na„

61 459 140 491 tii-m
159 485 164 489 .
200 452 303 503 quod
320 464 540 502 magnorum
557 452 776 490 morborum
796 452 903 489 nobis
924 451 1030 489 faciat
1046 453 1293 493 vacationem,
1320 451 1491 500 podagrae
1504 479 1513 493 ,
1551 463 1640 499 apo-

60 512 214 562 plexiae,
245 512 442 562 hydropis,
474 510 659 561 phthiseos
678 538 688 554 .
724 523 804 561 quae
829 510 921 548 mala
948 508 1344 553 certiffimevidemus,
1383 512 1491 548 etiam
1511 517 1640 548 contra

62 584 191 611 omnes
219 564 498 610 contranitenti's
515 571 665 609 rationis
690 571 837 609 vivendi
866 571 980 614 vires,
1016 582 1034 607 a
1065 571 1226 619 patribus
1247 571 1285 608 in
1306 569 1398 608 filios
1419 569 1574 608 transire.

120 631 329 670 Praeferrem
347 633 476 681 utique
501 642 567 669 cor
595 631 717 668 minus
743 629 936 672 irritabile,
973 629 1096 679 pulsus
1119 642 1258 679 paucos
1275 658 1286 673 ‚
1319 630 1433 668 lentas
1464 629 1638 679 periodos

60 693 160 735 vitae,
195 703 275 741 quae
304 692 429 728 omnia
449 690 643 728 lentiorem
671 689 869 729 solidarum
904 691 1064 739 partium
1098 689 1369 728 indurationem
1400 691 1633 739 promittunt.

59 748 177 788 Etiam
207 750 306 800 ligna
327 750 425 787 lente
460 748 675 792 crescentia,
711 750 847 788 diutius
875 750 950 786 vim
985 748 1198 787 extenfilem
1238 750 1398 788 retinent
1433 750 1518 794 (d).

120 809 245 848 Victus
287 811 466 847 rationem
502 810 540 846 in
568 810 759 857 juventute
800 808 932 847 vellem
964 808 1192 851 abstemiam,
1228 809 1355 846 vinnm
1392 809 1491 846 enim
1524 806 1653 860 medi-r

59 870 215 908 camenti
229 880 345 918 genus
368 869 417 907 est
431 897 441 912 ‚
477 881 607 918 aquam
628 868 665 908 N
680 882 703 906 A
717 881 742 906 Τ
757 882 775 906 u
791 883 812 907 R
829 882 853 906 A
873 869 918 906 ad
933 869 1076 912 nostros
1098 868 1180 908 usus
1202 868 1501 917 contemperavit.
1538 865 1636 904 Cum

57 940 165 979 parca
196 940 302 967 carne
327 929 486 967 multum
515 928 722 978 plantarum
749 928 957 970 suaderem,
993 939 1131 977 paucos
1152 927 1238 965 sales
1274 931 1384 974 (e),
1420 938 1532 976 pauca
1556 938 1637 964 aro-

58 995 177 1031 mata,
211 988 327 1027 nullas
355 988 582 1038 tetrapetalas
600 989 847 1034 nasturcinas3
880 987 995 1025 sedin
1014 987 1221 1026 universum
1244 988 1447 1036 parciorem
1477 986 1632 1029 vicium,

59 1049 123 1097 qui
156 1047 284 1086 melius
325 1049 496 1097 coquitur
518 1075 528 1090 ‚
563 1060 683 1097 neque
718 1049 991 1097 corrumpitur,
1035 1046 1292 1096 sanguinemve
1322 1045 1436 1084 inficit
1465 1073 1475 1088 ,
1523 1058 1636 1095 quem

58 1108 211 1150 mitem,
247 1108 284 1144 &
310 1106 475 1156 sanguini
497 1107 652 1145 infantili
682 1106 835 1145 similem
867 1106 1042 1145 defidero

119 1167 217 1205 Cum
242 1173 345 1204 aetate
375 1166 476 1204 senili
503 1168 540 1204 in
573 1168 737 1204 carnium
767 1166 832 1205 usu
856 1166 1041 1216 aliquanto
1066 1165 1319 1214 indulgentior
1348 1163 1466 1203 essem.

116 1223 250 1274 Longe
276 1226 461 1275 abigerem
490 1233 822 1275 temperamentum
849 1227 987 1269 acrius,
1022 1226 1060 1263 Sc
1086 1224 1256 1263 irritabile
1282 1225 1494 1273 ingenium,
1529 1223 1633 1276 quod

56 1295 137 1324 non
165 1285 280 1334 magis
302 1286 422 1335 potest
441 1297 520 1324 non
552 1285 678 1324 dolere
708 1286 753 1324 ab
777 1287 916 1333 injuriis
946 1286 1127 1335 acceptis,
1161 1296 1272 1334 quam
1293 1296 1312 1322 a
1338 1284 1501 1334 podagra
1529 1285 1633 1334 pedis

58 1345 170 1382 nervi.
206 1343 381 1394 Optabile
413 1345 480 1388 est,
514 1344 646 1384 habere
661 1346 860 1384 mediocria
885 1346 1032 1388 omnia,
1068 1356 1154 1383 cum
1180 1344 1298 1394 aliqua
1320 1343 1364 1382 ad
1393 1343 1552 1381 laetitiam
1572 1345 1635 1382 de-

58 1404 256 1444 clinatione
298 1409 384 1447 e*)›‚
416 1412 538 1442 tamen
562 1417 609 1442 ne
636 1405 868 1455 voluptatum
897 1404 962 1442 ulli
987 1404 1201 1452 indulgeas3
1234 1403 1282 1440 fic
1307 1404 1360 1440 uti
1383 1414 1497 1451 porro
1523 1404 1630 1447 cibo,

56 1471 99 1505 ut
118 1466 167 1502 cis
186 1471 322 1504 naturae
346 1463 517 1502 desideria
540 1477 707 1511 maneas;
730 1466 778 1502 ita
795 1466 834 1508 'a
854 1475 1004 1507 venere,
1033 1465 1072 1502 in
1093 1462 1236 1506 studiis,
1272 1463 1380 1500 etiam
1402 1463 1440 1499 in
1465 1464 1634 1512 corporis

58 1524 317 1562 exercitatione
344 1524 635 1562 mediocritatem
665 1537 711 1561 ne
739 1524 927 1571 adtingere
960 1523 1119 1572 quidem.
1154 1522 1297 1559 Somno
1332 1521 1480 1558 mallem
1512 1522 1633 1571 indul-

54 1594 167 1631 gere,
202 1595 311 1632 quam
342 1582 508 1622 refistere.

116 1641 297 1680 Delectari
324 1643 456 1680 vellem
479 1642 728 1681 ambulatione
747 1670 757 1684 ,
791 1647 926 1679 naturae
952 1639 1174 1690 speciaculm
1209 1638 1373 1688 legendis
1395 1639 1516 1685 libris,
1552 1641 1634 1680 nul-

55 1700 95 1739 lo
113 1709 233 1740 tamen
264 1714 349 1741 cum
375 1701 551 1741 desiderio
573 1702 810 1744 eruditionis,
844 1708 905 1739 aut
930 1699 1185 1738 inclarescendi
1213 1711 1347 1738 amore.
1396 1698 1554 1738 Facilem
1585 1702 1631 1740 ad

57 1763 182 1798 omnia
205 1763 241 1799 &
260 1763 298 1799 in
320 1764 362 1800 iis
382 1756 530 1801 mallem
555 1762 699 1800 felicem
717 1789 728 1804 ,
763 1773 842 1811 quae
867 1760 900 1798 se
918 1760 1011 1798 ultra
1036 1758 1218 1804 offerunt,
1253 1771 1371 1809 neque
1395 1772 1415 1798 a
1435 1759 1507 1798 levi
1528 1760 1631 1800 causa

57 1821 164 1859 nobis
191 1820 339 1871 possunt
367 1823 466 1872 eripi.

459 1944 494 1987 §-
528 1938 666 1980 XXI.
715 1940 940 1989 Iongaevitas
968 1937 1240 1978 antidiluviana.

118 2048 271 2088 Lentior
294 2057 376 2089 ante
405 2050 584 2089 diluvium
616 2050 685 2089 fuit
720 2049 841 2089 cursus
881 2050 960 2087 vitae
995 2047 1186 2091 humanae,
1232 2045 1413 2098 stadiaque
1446 2046 1626 2098 longiora.

63 2107 258 2147 Continuo
283 2110 326 2148 ab
352 2123 391 2148 ea
415 2110 646 2149 memorabili
671 2110 837 2159 epocha,
874 2111 976 2157 cujus
999 2108 1145 2157 vestigia
1174 2120 1239 2157 per
1266 2115 1388 2146 totum
1416 2108 1546 2151 orbem
1557 2116 1628 2147 ter-

58 2179 179 2208 rarum
202 2168 314 2218 sparsa
334 2169 414 2208 sunt
429 2199 438 2214 ‚
475 2172 571 2220 cepit
595 2172 666 2209 vita
691 2170 888 2209 hominum
915 2167 1144 2212 decrescere,
1179 2168 1216 2206 &
1241 2168 1333 2206 intra
1353 2179 1467 2217 pauca
1484 2167 1598 2206 secula
1615 2199 1625 2212 ‚

1440 2226 1627 2277 superstite

100 2319 176 2356 (d)
198 2320 245 2351 Du
270 2320 412 2351 Hmu.
445 2320 555 2361 Physsq.
577 2322 624 2351 des
655 2322 774 2352 Arkrer.
801 2319 837 2351 T.
852 2319 887 2350 H.
912 2330 939 2358 p.
958 2328 1004 2355 ςῐ,

98 2362 158 2397 (e)
182 2361 318 2392 Duriores
337 2361 432 2397 fibrae,
456 2372 518 2400 quae
538 2362 602 2401 plus
629 2361 692 2393 salis
713 2362 864 2393 continent
887 2361 1072 2392 Numina.
1103 2370 1189 2391 nouv.
1219 2357 1357 2400 olfirvat.
1379 2368 1407 2399 p
1439 2365 1512 2398 ²84·

98 2401 153 2439 (ε’
163 2403 177 2441 )
199 2402 345 2442 Religiosa
368 2403 417 2434 illa
440 2412 673 2442 117.unnotum
692 2403 758 2435 laeto
785 2404 882 2434 animo
902 2402 979 2440 fuit,
1004 2402 1168 2435 Saenius.
