1955 2732
435 140 696 183 SECT.IV.
763 139 973 180 VITA
1033 140 1311 181 FETUS.
1573 153 1649 188 401

200 250 305 291 Adde
337 262 436 290 nunc
463 247 747 289 incommodum
768 249 877 297 pueri
900 249 938 285 in
965 250 1095 296 vagina
1119 247 1225 286 {itum
1241 277 1251 292 ,
1285 254 1477 298 urgentem
1495 248 1659 299 undique

88 310 228 348 summa
251 309 288 346 vi
316 315 517 345 maternam
537 306 837 355 resp-irationem,
871 305 905 341 &
930 304 1151 342 refistentem
1175 313 1296 342 cutem
1323 306 1493 354 perinaei‚
1526 314 1660 355 partes-

88 378 161 416 que
186 366 324 413 vaginae
351 364 486 401 vicinas
502 391 511 405 ,
544 361 649 399 situm
674 361 748 397 oris
763 361 798 403 s)
822 360 1040 410 plerumque
1068 360 1266 399 retrorsum
1291 361 1411 399 versus
1432 372 1562 399 cavum
1580 361 1660 399 offis

88 422 199 464 sacri,
232 422 483 470 parietemque
510 418 602 455 adeo
628 418 768 465 vaginae
794 416 937 453 versum
956 445 966 460 ,
1001 419 1064 466 qui
1091 419 1250 454 maxime
1272 417 1415 460 resistit,
1450 418 1486 454 &
1511 430 1588 456 non
1606 431 1661 455 ra-

88 476 221 515 riffime
252 477 434 514 laceratur.
485 474 541 512 Ex
566 475 609 511 iis
642 473 819 511 omnibus
844 484 921 509 non
950 473 1053 510 valde
1083 473 1275 522 probabile
1306 474 1515 517 videbitur,
1549 487 1594 513 eo
1625 476 1663 511 in

89 533 159 572 fitu
185 531 285 583 poffe
313 532 431 570 fetum
459 530 493 567 se
517 542 629 567 muco
663 528 882 578 pulmonem
905 528 1090 566 inficiente
1112 529 1289 573 liberare,
1323 531 1360 567 &
1391 531 1439 567 ita
1472 530 1663 580 diaphrag-

92 596 189 627 mate
218 590 295 630 uti,
327 594 369 625 ut
396 587 513 636 capite
545 585 714 623 deorsum
748 584 917 634 protruso
935 613 945 628 ‚
979 585 1318 623 incommodifflmo
1347 588 1384 623 in
1413 586 1505 631 fitu,
1539 588 1576 624 &
1609 588 1664 624 in·

93 646 224 694 spirare
241 672 251 687 ,
285 644 321 681 &
350 655 437 681 cum
470 644 595 691 vagitu
625 641 803 690 exspirare
829 640 945 690 poffit.
1008 642 1106 680 Cum
1130 650 1303 691 praeterea
1328 643 1494 692 plurimis
1522 646 1559 680 in
1583 655 1665 692 par·

94 702 204 739 tubus
234 701 360 749 capitis
390 701 427 735 in
458 701 588 747 vagina
611 697 814 735 breviffima
839 710 943 735 mora
967 697 1031 741 fit,
1066 699 1102 735 ὃς
1127 710 1219 747 puer
1242 699 1316 736 fere
1335 711 1405 748 pro
1431 707 1518 737 nato
1536 700 1666 737 habea-

93 764 154 795 tur
174 785 183 800 ,
216 758 489 806 quamprimum
515 761 624 803 caput
646 754 691 791 de
718 766 782 791 ore
805 755 900 791 uteri
920 762 1042 792 totum
1066 756 1163 792 exiit.
1234 753 1364 792 Visum
1389 758 1599 793 memineris
1616 756 1667 793 fe-

97 820 201 856 tum,
234 814 295 850 cui
319 810 506 849 brachium
533 809 744 860 praeiviffet‚
768 810 830 848 diu
849 838 859 853 ,
891 817 932 848 ut
956 810 1072 848 solent
1093 840 1102 853 ‚
1139 813 1176 848 iu
1197 820 1304 860 partu
1323 811 1540 854 haerentem,
1564 813 1667 860 cujus

94 869 225 918 pulmo
260 876 381 905 tamen
410 866 451 905 fit
478 869 516 904 in
545 879 637 916 aqua
666 866 801 903 mersu—2
822 869 864 909 t).
926 867 1017 904 Non
1042 868 1159 905 credit
1183 868 1354 917 respirare
1379 870 1416 905 in
1443 871 1573 917 vagina
1589 868 1664 906 m.

96 924 320 963 Rosnmm
342 926 387 970 v)
405 953 415 967 ‚
449 925 512 973 qui
538 922 739 972 plurimum
765 925 803 960 in
825 923 1028 961 obstetricia
1054 931 1129 962 arte
1157 932 1231 961 erat
1257 934 1437 974 expertus.

212 1005 257 1043 Et
284 1014 406 1043 tamen
431 1017 514 1042 cum
541 1004 631 1052 saepe
651 1005 851 1053 puerperiis
881 1006 1074 1053 proximus
1100 1005 1298 1043 adstiterim
1314 1034 1323 1049 ,
1356 1005 1540 1055 saepiffime
1563 1006 1666 1044 audi-

98 1064 164 1104 vi,
199 1063 235 1099 &
268 1062 379 1099 credo
415 1061 528 1109 vulgo
555 1059 591 1096 id
621 1059 724 1102 fieri,
769 1058 910 1108 effeque
945 1072 991 1098 ex
1018 1061 1170 1098 humani
1202 1072 1308 1111 partu
1345 1071 1471 1100 natura
1491 1092 1502 1107 ,
1546 1065 1667 1111 vagire

91 1130 235 1167 ‚nempe
255 1118 371 1155 fetum
388 1145 397 1160 ,
432 1117 703 1166 quamprimum
726 1115 770 1153 de
794 1117 923 1163 vagina
948 1124 1056 1166 caput
1072 1117 1230 1166 prodiit,
1251 1118 1314 1156 sub
1338 1119 1494 1157 vestibus
1511 1128 1666 1157 matrem

99 1175 302 1212 velantibus
322 1202 333 1217 ,
370 1175 406 1210 &
430 1175 524 1210 inter
546 1184 673 1209 manus
698 1171 893 1209 educentes
914 1174 1141 1211 obstetricis:
1173 1175 1295 1222 vagire
1325 1187 1411 1213 vero
1452 1176 1663 1225 extemplo,

101 1231 139 1267 &
168 1230 320 1267 fortiter.
384 1229 474 1266 Non
500 1227 644 1266 videtur
666 1227 770 1268 ,adeo
800 1227 959 1266 multum
996 1236 1140 1278 tempus
1166 1232 1328 1279 requiri,
1363 1238 1405 1269 ut
1421 1231 1522 1270 sanus
1548 1233 1583 1269 &
1605 1246 1666 1270 ro-

101 1287 225 1324 bustus
246 1286 339 1323 fetus
366 1284 585 1334 pulmonem
610 1284 715 1322 suum
731 1312 741 1327 ‚
774 1284 818 1321 ad
846 1285 1115 1334 respirandum,
1148 1286 1266 1337 adque
1293 1300 1425 1326 vocem
1441 1289 1635 1327 edendam
1653 1318 1664 1333 ,

101 1352 233 1392 aptum
264 1341 399 1380 reddat.

222 1422 280 1461 Est
301 1425 410 1460 etiam
431 1422 534 1460 locus
557 1419 693 1458 dandus
714 1421 937 1460 testimoniis.
976 1422 1125 1461 Dicitur
1152 1423 1246 1462 fetus
1265 1425 1302 1461 in
1330 1431 1436 1473 partu
1461 1423 1584 1475 pertus
1612 1427 1666 1464 di-

95 1478 287 1525 ,lataffe.x)
308 1508 318 1522 ,
351 1491 436 1517 cum
469 1485 578 1528 caput
606 1477 763 1514 haereret.

222 1561 313 1599 Non
340 1572 429 1608 ergo
454 1561 598 1608 penitus
624 1561 826 1606 repugnare
845 1587 855 1601 ,
883 1558 982 1607 posse
1007 1560 1182 1607 ejusmodi
1212 1561 1328 1599 fetum
1344 1589 1354 1603 ‚
1386 1562 1509 1611 aliquo
1528 1565 1572 1601 ab
1599 1566 1665 1603 ob-

109 1616 245 1655 staculo
262 1645 271 1659 ‚
304 1624 346 1654 ut
371 1629 389 1653 a
417 1616 495 1652 latis
525 1614 685 1652 humeris
705 1642 714 1656 ‚
747 1621 929 1652 retentum
949 1644 958 1657 ,
993 1628 1056 1653 ore
1084 1616 1148 1653 suo
1176 1617 1344 1654 deorsum
1374 1619 1411 1654 in
1435 1619 1566 1657 ostium
1588 1634 1665 1659 ver-

109 1673 148 1711 so
171 1702 181 1717 ,
215 1674 251 1710 δε
277 1673 470 1722 respirare,
506 1671 542 1708 δε
568 1671 688 1718 vagire
694 1671 746 1715 y).

224 1753 279 1791 Ita
306 1762 427 1791 tamen
445 1781 453 1795 ,
486 1759 528 1789 ut
552 1751 665 1799 longe
690 1751 800 1788 rarius
821 1752 860 1788 in
884 1754 1012 1800 vagina
1037 1766 1076 1792 ea
1100 1753 1165 1802 ipfi
1184 1753 1226 1792 fit
1248 1755 1425 1804 potestas,
1458 1758 1667 1820 nequeOnifi

110 1810 254 1848 favente
281 1822 366 1848 cum
390 1811 523 1847 robore
544 1807 610 1845 fitu
638 1807 739 1844 fetus.

429 1926 432 1927 ’
475 1924 523 1971 §53
549 1919 645 1981 ¹LVI.
709 1918 861 1959 Iterum*
879 1920 919 1956 de
948 1920 1172 1971 respiratione
1193 1920 1301 1970 fetus.

226 2010 285 2048 De
316 2013 517 2049 immaturis
545 2022 633 2058 ergo
657 2009 801 2046 fetu'ous
819 2037 828 2051 ‚
862 2016 902 2046 ut
932 2011 1109 2049 debilibus
1135 2013 1264 2054 nimis,
1292 2013 1327 2049 &
1357 2013 1534 2061 pulmone
1560 2018 1667 2054 nimis

119 2066 230 2104 denso
250 2095 259 2109 ‚
293 2069 448 2115 exiguo,
485 2064 687 2115 compresso
720 2065 895 2102 instrueris
915 2069 1068 2105 omnino
1094 2068 1352 2117 desperandum
1378 2070 1435 2107 est.

1507 2125 1668 2171 Quaestio

156 2176 183 2211 s)
205 2176 247 2206 Os
270 2186 328 2205 non
350 2182 480 2211 apertum
493 2175 547 2204 effe
573 2175 737 2205 Rouxvmi
760 2180 912 2217 byvoggzel,
933 2188 960 2216 p,
976 2186 1020 2214 39ι

156 2217 183 2252 t)
208 2217 424 2246 BLANCAARD.
443 2219 573 2253 Jaarreg.
587 2217 661 2246 Ceut.
682 2224 709 2252 V

158 2257 190 2293 v>
212 2260 308 2287 Satur.
327 2267 352 2294 p.
374 2265 416 2291 32.
436 2265 480 2293 33.

158 2299 192 2332 x)
216 2298 317 2327 lori-m
343 2307 425 2325 vert-0
436 2299 459 2334 'g

155 2341 192 2375 y)
216 2337 399 2367 Trimestrem
413 2339 543 2366 abortum
562 2347 633 2368 voce
651 2349 745 2370 carere
760 2362 767 2372 .
792 2349 850 2376 nton
867 2339 904 2368 ita
921 2339 1022 2376 quinto
1037 2338 1132 2369 mense
1155 2339 1290 2370 annfir.
1308 2349 1336 2377 p.
1357 2348 1423 2375 417.

177 2404 341 2444 HALLER
371 2406 512 2453 Phyfiol.
545 2406 653 2447 Torn.
672 2409 770 2447 Vlss.
806 2408 841 2445 P.
864 2407 889 2445 l.
1116 2406 1143 2444 E
1175 2419 1193 2443 e
1224 2422 1242 2446 e
