1955 2732
537 123 1159 166 ADDENDA.
1570 130 1654 181 199

61 219 106 260 di.
124 219 253 270 hepate
277 218 394 271 Mron
408 231 434 259 G
447 232 471 258 A
482 230 556 258 eu.
582 219 655 270 sed.
692 219 745 258 II.
780 232 814 270 p.
837 231 932 267 205.
982 219 1026 259 In
1060 220 1392 272 hypochondriaco
1425 222 1452 263 P
1463 235 1488 263 0
1502 236 1564 265 lu·
1577 239 1591 266 1
1604 237 1654 275 us

60 280 150 330 opus
162 311 168 318 .
198 279 244 322 ἐξ*
270 279 466 329 fragment.
500 291 526 329 p
559 291 574 315 1
588 285 650 325 85.
687 291 773 318 cum
793 280 1040 331 aneurysmate
1062 281 1087 319 B
1103 293 1196 320 Ant.
1211 296 1233 320 R
1260 282 1326 332 obs.
1358 295 1370 319 1
1384 290 1419 326 8.

121 338 211 378 Lien
230 351 361 390 parvus
375 367 386 383 ‚
420 351 506 378 cum
533 350 669 388 magno
688 337 820 389 hepate
839 338 868 379 B
881 353 900 378 Α
915 354 941 379 n
955 353 976 379 E
990 354 1012 378 a
1032 339 1099 391 obs.
1123 351 1189 379 21.
1228 342 1327 380 Nov.
1350 343 1424 381 Act.
1455 342 1545 381 Nat.
1571 344 1653 384 Cur.

66 398 145 438 Vol.
183 408 227 437 ἰ.
263 398 329 448 obs
356 405 420 442 28.
456 399 493 436 δι
508 399 756 437 steatomatico
795 399 877 438 Mo
894 414 912 437 a
926 414 950 438 G
963 412 987 438 A
1000 412 1026 438 G
1043 413 1079 439 N.
1097 400 1173 451 sed.
1206 402 1296 451 caus.
1324 403 1376 440 ll
1412 413 1449 453 p.
1472 411 1538 447 23.

123 457 216 497 Lien
249 458 383 501 durus,
419 471 505 497 cum
535 453 665 509 hepate
695 459 789 496 duro
820 459 884 498 BA
899 472 990 498 nna
1024 459 1092 510 obs
1117 471 1155 508 4.
1190 460 1229 500 H
1244 473 1434 501 oneris-r
1450 473 1659 503 τεττεῐζ

65 517 149 556 Dec
181 519 220 555 X
256 518 322 566 cas.
341 529 378 564 7.
401 516 570 557 BAntn
601 518 666 567 obj.
686 529 723 565 4.
744 517 836 556 Lien
868 518 1029 558 tumidus
1063 521 1101 558 &
1130 520 1284 566 durior,
1318 533 1405 562 cum
1428 521 1561 574 hepate
1583 533 1659 560 ma=

66 578 172 615 ximo
204 577 346 616 Cama
363 591 384 614 R
416 578 544 626 Exstip.

126 637 161 675 P.
181 648 275 683 425.
307 636 401 675 Lien
426 650 505 676 non
531 636 750 681 estacidus,
786 638 880 676 conf
909 638 1183 678 SmELMAN
1219 640 1324 681 chem.
1352 652 1387 691 p.
1422 651 1469 677 1·
1454 651 1514 687 9.
1548 640 1586 678 &
1616 651 1655 702 p.

62 696 174 734 nostr.
209 711 236 745 4
274 708 306 742 5.

125 754 278 806 Sanguis
302 755 441 795 lienalis
467 757 517 794 est
540 755 688 795 fluidior
712 755 765 794 F1
779 769 804 794 n
819 768 865 794 es
885 768 921 805 p.
945 768 960 793 1
978 769 991 795 1
1005 769 1037 795 1.

735 863 778 903 L.
813 864 972 904 XXII.

125 971 162 1011 P.
183 953 277 1019 430.
311 971 377 1012 lin.
401 983 435 1021 5.
461 985 531 1025 pro
562 973 784 1023 Magnitudo
813 966 896 1023 lege
928 973 1136 1023 Longitudo.

719 1081 776 1121 L.
799 1081 992 1122 XXIII,

118 1189 156 1227 P.
177 1195 272 1235 456.
307 1189 431 1240 Hepat
455 1191 493 1228 in
521 1190 633 1230 obeso
651 1192 809 1241 grande,
835 1191 898 1230 sex
926 1191 986 1230 lib.
1007 1191 1105 1231 Nov.
1130 1191 1217 1241 Eph.
1250 1191 1341 1231 Nat.
1382 1193 1464 1233 Cur.
1494 1194 1570 1234 Vol.
1591 1193 1657 1234 11.

66 1246 134 1297 obs.
169 1255 233 1291 28.
269 1250 306 1286 &
334 1251 372 1286 in
397 1250 497 1289 febre

125 1307 168 1346 In
191 1308 380 1347 Cardinale
407 1309 607 1348 Gualthieri
625 1310 736 1361 hepar
755 1323 789 1356 7.
810 1311 984 1351 librarum
1013 1311 1083 1351 fuit
1105 1323 1170 1362 per
1191 1324 1286 1351 nova
1303 1312 1460 1362 publica.
1495 1312 1540 1352 In
1561 1312 1661 1352 febre

66 1374 235 1407 caeterum
251 1367 375 1405 sanum
388 1397 398 1411 ,
433 1369 493 1407 lib.
511 1372 672 1420 quinque
704 1371 747 1410 M
761 1383 781 1408 Ε
794 1384 819 1408 D
835 1380 849 1409 1
862 1384 881 1409 c
893 1384 915 1408 υ
930 1384 945 1409 s
967 1371 1129 1410 heobacht
1162 1384 1196 1421 p.
1219 1383 1285 1418 74.

67 1441 88 1525 b
125 1427 168 1465 In
192 1427 378 1476 atrophica
399 1428 519 1477 puella
535 1428 647 1478 hepar
679 1435 714 1466 6.
735 1430 758 1477 ὲ
785 1429 846 1467 lib.
869 1441 954 1468 cum
970 1430 1116 1469 calculis
1132 1430 1244 1468 feneis
1264 1430 1366 1469 Mn!
1388 1444 1424 1470 G.
1456 1432 1540 1471 thes.
1560 1437 1658 1470 anat.

90 1491 134 1524 ot.

127 1543 327 1582 Sebaceum
342 1536 408 1582 lib?
430 1556 446 1580 1
459 1550 494 1582 6.
527 1556 614 1584 cum
632 1545 777 1584 calculis
792 1547 831 1583 in
844 1545 1031 1585 Comitiffa
1045 1545 1091 1584 M
1106 1559 1126 1583 A
1138 1556 1160 1583 ι·
1171 1557 1191 1584 1⁸
1203 1558 1223 1585 Ρ.
1237 1559 1250 1584 1
1273 1546 1311 1586 O
1326 1561 1349 1585 a
1364 1562 1388 1585 τ
1399 1561 1420 1586 13
1431 1561 1447 1586 s
1459 1560 1480 1586 c
1491 1561 1518 1587 u
1531 1561 1545 1586 1
1566 1551 1657 1588 diar.

70 1603 123 1642 II:
157 1615 190 1652 p.
216 1615 279 1646 92.

127 1662 164 1700 P.
168 1669 275 1708 ·.460
311 1661 441 1712 Hepat'
432 1675 459 1700 ιε
493 1665 531 1700 in
564 1665 686 1712 12er
714 1666 902 1713 migrantis
936 1664 1053 1713 aliqia
1073 1664 1239 1713 exempla
1270 1677 1356 1704 cum
1381 1665 1573 1704 ventriculi
1599 1678 1661 1716 pa·

66 1723 154 1760 riter
180 1721 311 1759 vitioso
331 1724 457 1760 itinere
475 1723 667 1769 conjunc'fa
693 1724 861 1768 fuerunt,
896 1731 936 1762 ut
960 1735 1075 1773 nuper
1104 1726 1142 1761 in
1176 1724 1241 1762 Ve1
1243 1725 1379 1763 handel
1407 1731 1468 1762 der
1495 1726 1662 1764 nullcmclz·

68 1794 138 1820 mn
133 1782 193 1829 irs
198 1782 303 1829 hosp.
333 1781 377 1819 T
407 1781 505 1820 Vffl
538 1782 573 1820 P.
593 1782 620 1820 Ι.

131 1839 174 1878 In
198 1838 323 1878 &Vin
339 1852 429 1880 Nux
445 1854 457 1878 1
483 1840 593 1885 casu,
629 1854 716 1881 cum
744 1842 961 1893 pulmonem
987 1840 1223 1892 purulentum
1250 1840 1285 1880 se
1319 1848 1488 1891 putarent
1511 1850 1661 1892 pertun-

71 1899 175 1942 dere,
209 1899 318 1949 hepar
338 1900 430 1944 fuit,
451 1900 553 1950 quod
573 1913 636 1951 per
652 1901 799 1941 exesum
816 1902 1048 1952 diaphragma
1068 1902 1106 1938 in
1118 1901 1239 1949 peetus
1254 1901 1485 1940 adscenderat
1502 1904 1567 1951 cali
1591 1914 1604 1938 1
1619 1909 1654 1945 8.

131 1958 168 1996 P
194 1970 289 2004 490
317 1959 375 1998 lin.
400 1970 430 2006 5
467 1959 580 2010 Supra
614 1961 780 2001 ultimam
803 1974 871 2011 pro
900 1967 1090 2010 portarum
1119 1960 1201 2009 lege
1222 1961 1256 1997 h
1246 1964 1366 2008 paris.

132 2033 168 2072 Ρ
189 2043 284 2079 495
319 2032 390 2073 Etfi
425 2047 515 2073 vena
540 2043 730 2085 portarum
756 2036 911 2075 valvulas
941 2049 1016 2075 non
1041 2035 1174 2080 habet,
1207 2038 1364 2075 nimium
1399 2046 1521 2076 tamen
1549 2037 1656 2080 foret,

74 2092 216 2132 fluxum
238 2093 273 2129 &
294 2092 475 2132 refluxum
503 2096 541 2132 in
567 2107 608 2133 ea
630 2108 720 2133 vena
743 2097 932 2135 admittere
959 2098 976 2145 (
995 2096 1203 2134 Ronnm
1227 2103 1297 2145 pet
1302 2105 1332 2134 te
1358 2109 1413 2134 vc.
1417 2098 1480 2136 vle.
1505 2110 1528 2147 p
1563 2103 1627 2138 68
1640 2096 1658 2142 )

75 2164 161 2191 cum
202 2151 345 2190 vincula
378 2155 503 2202 inJ‘eQa
534 2167 655 2194 veram
686 2155 856 2195 venosam
890 2166 1052 2195 naturam
1083 2158 1157 2203 eJ‘us
1191 2158 1316 2206 magni
1351 2159 1470 2195 trunci
1505 2157 1659 2194 dem0n=

71 2212 186 2266 strent
204 2224 236 2260 p
256 2222 355 2256 499.
371 2213 408 2250 ἃ
431 2212 470 2252 L.
489 2213 548 2252 111.
582 2227 616 2265 p.
638 2225 684 2252 21
701 2228 732 2260 3
768 2216 837 2254 Sed
855 2229 973 2266 neque
993 2216 1067 2254 aliae
1091 2218 1238 2254 internae
1265 2229 1304 2253 v
1291 2228 1362 2254 ‘³ssae
1382 2217 1545 2259 cerebri,
1580 2213 1659 2265 pul-

74 2273 218 2318 monis,
249 2283 406 2317 renum,
428 2276 543 2320 uteri,
570 2275 719 2315 valvulis
736 2276 927 2318 donantur.
961 2276 1188 2320 Morborum
1208 2276 1378 2317 eflectum
1393 2276 1559 2317 vitiorum
1581 2285 1656 2311 non

68 2342 72 2351 ²
199 2355 202 2356 ⁷
1534 2343 1657 2375 tomm-
