<?xml version="1.0" encoding="UTF-8"?>
<!DOCTYPE html PUBLIC "-//W3C//DTD XHTML 1.0 Transitional//EN"
    "http://www.w3.org/TR/xhtml1/DTD/xhtml1-transitional.dtd">
<html xmlns="http://www.w3.org/1999/xhtml" xml:lang="en" lang="en">
 <head>
  <title>
</title>
<meta http-equiv="Content-Type" content="text/html;charset=utf-8" />
  <meta name='ocr-system' content='tesseract 3.04.00' />
  <meta name='ocr-capabilities' content='ocr_page ocr_carea ocr_par ocr_line ocrx_word'/>
</head>
<body>
  <div class='ocr_page' id='page_1' title='image "./elementaphysiolo08hall_0665.png"; bbox 0 0 1955 2732; ppageno 0'>
   <div class='ocr_carea' id='block_1_1' title="bbox 518 119 1646 172">
    <p class='ocr_par' dir='ltr' id='par_1_1' title="bbox 518 119 1646 172">
     <span class='ocr_line' id='line_1_1' title="bbox 518 119 1646 172; baseline 0.003 -12"><span class='ocrx_word' id='word_1_1' title='bbox 518 119 1151 164; x_wconf 78' lang='lat' dir='ltr'><strong>ADDENDA.·</strong></span> <span class='ocrx_word' id='word_1_2' title='bbox 1564 131 1646 172; x_wconf 84' lang='lat'>167</span> 
     </span>
    </p>
   </div>
   <div class='ocr_carea' id='block_1_2' title="bbox 55 214 1660 1454">
    <p class='ocr_par' dir='ltr' id='par_1_2' title="bbox 58 214 1646 326">
     <span class='ocr_line' id='line_1_2' title="bbox 58 214 1646 270; baseline 0.003 -16"><span class='ocrx_word' id='word_1_3' title='bbox 58 214 186 254; x_wconf 67' lang='lat' dir='ltr'>toidea</span> <span class='ocrx_word' id='word_1_4' title='bbox 230 214 407 265; x_wconf 75' lang='lat' dir='ltr'>ampliora</span> <span class='ocrx_word' id='word_1_5' title='bbox 460 216 633 268; x_wconf 71' lang='lat' dir='ltr'>JANKE.</span> <span class='ocrx_word' id='word_1_6' title='bbox 678 218 701 255; x_wconf 89' lang='lat'>1.</span> <span class='ocrx_word' id='word_1_7' title='bbox 733 230 763 257; x_wconf 87' lang='lat' dir='ltr'>c.</span> <span class='ocrx_word' id='word_1_8' title='bbox 794 232 829 270; x_wconf 87' lang='lat' dir='ltr'>p.</span> <span class='ocrx_word' id='word_1_9' title='bbox 855 227 907 264; x_wconf 88' lang='lat'>18.</span> <span class='ocrx_word' id='word_1_10' title='bbox 931 219 999 259; x_wconf 82' lang='lat' dir='ltr'>Ista</span> <span class='ocrx_word' id='word_1_11' title='bbox 1032 218 1109 258; x_wconf 92' lang='lat' dir='ltr'>duo</span> <span class='ocrx_word' id='word_1_12' title='bbox 1151 219 1261 258; x_wconf 80' lang='lat' dir='ltr'>etiam</span> <span class='ocrx_word' id='word_1_13' title='bbox 1289 218 1326 256; x_wconf 88' lang='lat'>&amp;</span> <span class='ocrx_word' id='word_1_14' title='bbox 1352 219 1419 256; x_wconf 87' lang='lat' dir='ltr'>tria</span> <span class='ocrx_word' id='word_1_15' title='bbox 1456 221 1646 270; x_wconf 81' lang='lat' dir='ltr'>reperiun-</span> 
     </span>
     <span class='ocr_line' id='line_1_3' title="bbox 60 274 524 326; baseline 0.004 -14"><span class='ocrx_word' id='word_1_16' title='bbox 60 280 120 313; x_wconf 90' lang='lat' dir='ltr'>tur</span> <span class='ocrx_word' id='word_1_17' title='bbox 153 274 435 326; x_wconf 74' lang='lat' dir='ltr'>WALTERp</span> <span class='ocrx_word' id='word_1_18' title='bbox 472 283 524 322; x_wconf 85' lang='lat'>67</span> 
     </span>
    </p>

    <p class='ocr_par' dir='ltr' id='par_1_3' title="bbox 64 332 1651 446">
     <span class='ocr_line' id='line_1_4' title="bbox 121 332 1651 390; baseline 0.003 -19"><span class='ocrx_word' id='word_1_19' title='bbox 121 332 157 372; x_wconf 90' lang='lat' dir='ltr'>P.</span> <span class='ocrx_word' id='word_1_20' title='bbox 183 340 265 372; x_wconf 80' lang='lat'>166.</span> <span class='ocrx_word' id='word_1_21' title='bbox 301 334 445 374; x_wconf 82' lang='lat' dir='ltr'>Venam</span> <span class='ocrx_word' id='word_1_22' title='bbox 460 336 667 385; x_wconf 75' lang='lat' dir='ltr'>parietalem</span> <span class='ocrx_word' id='word_1_23' title='bbox 684 339 778 376; x_wconf 85' lang='lat' dir='ltr'><strong>bene</strong></span> <span class='ocrx_word' id='word_1_24' title='bbox 798 338 981 390; x_wconf 76' lang='lat' dir='ltr'>deseri-psit</span> <span class='ocrx_word' id='word_1_25' title='bbox 994 339 1008 378; x_wconf 85' lang='lat'>1</span> <span class='ocrx_word' id='word_1_26' title='bbox 1021 352 1047 377; x_wconf 85' lang='lat' dir='ltr'><strong>n</strong></span> <span class='ocrx_word' id='word_1_27' title='bbox 1065 352 1086 378; x_wconf 77' lang='lat' dir='ltr'><strong>E</strong></span> <span class='ocrx_word' id='word_1_28' title='bbox 1101 351 1134 377; x_wconf 79' lang='lat' dir='ltr'>M</span> <span class='ocrx_word' id='word_1_29' title='bbox 1152 337 1208 378; x_wconf 91' lang='lat' dir='ltr'>Cl.</span> <span class='ocrx_word' id='word_1_30' title='bbox 1228 337 1315 376; x_wconf 72' lang='lat' dir='ltr'>IAN</span> <span class='ocrx_word' id='word_1_31' title='bbox 1328 350 1388 378; x_wconf 62' lang='grc' dir='ltr'>κε.</span> <span class='ocrx_word' id='word_1_32' title='bbox 1402 366 1412 382; x_wconf 89' lang='grc'><strong>,</strong></span> <span class='ocrx_word' id='word_1_33' title='bbox 1433 350 1541 389; x_wconf 85' lang='lat' dir='ltr'>quem</span> <span class='ocrx_word' id='word_1_34' title='bbox 1562 350 1651 389; x_wconf 82' lang='lat' dir='ltr'>prae-</span> 
     </span>
     <span class='ocr_line' id='line_1_5' title="bbox 64 396 823 446; baseline 0.007 -15"><span class='ocrx_word' id='word_1_35' title='bbox 64 403 205 432; x_wconf 76' lang='lat' dir='ltr'>matuta</span> <span class='ocrx_word' id='word_1_36' title='bbox 230 407 328 432; x_wconf 87' lang='lat' dir='ltr'>mors</span> <span class='ocrx_word' id='word_1_37' title='bbox 360 396 536 446; x_wconf 78' lang='lat' dir='ltr'>abripuit,</span> <span class='ocrx_word' id='word_1_38' title='bbox 575 398 707 435; x_wconf 83' lang='lat' dir='ltr'>eodem</span> <span class='ocrx_word' id='word_1_39' title='bbox 725 398 823 436; x_wconf 88' lang='lat' dir='ltr'>loco.</span> 
     </span>
    </p>

    <p class='ocr_par' dir='ltr' id='par_1_4' title="bbox 63 452 1655 728">
     <span class='ocr_line' id='line_1_6' title="bbox 122 452 1648 508; baseline 0.002 -18"><span class='ocrx_word' id='word_1_40' title='bbox 122 452 162 491; x_wconf 89' lang='lat' dir='ltr'>P.</span> <span class='ocrx_word' id='word_1_41' title='bbox 188 465 260 500; x_wconf 86' lang='lat'><em>171.</em></span> <span class='ocrx_word' id='word_1_42' title='bbox 280 453 336 492; x_wconf 91' lang='lat' dir='ltr'>Ad</span> <span class='ocrx_word' id='word_1_43' title='bbox 356 456 620 504; x_wconf 74' lang='lat' dir='ltr'>pulsanonem.</span> <span class='ocrx_word' id='word_1_44' title='bbox 655 470 767 508; x_wconf 82' lang='lat' dir='ltr'>quaea</span> <span class='ocrx_word' id='word_1_45' title='bbox 798 457 1034 507; x_wconf 80' lang='lat' dir='ltr'>respiratione</span> <span class='ocrx_word' id='word_1_46' title='bbox 1048 458 1108 501; x_wconf 83' lang='lat' dir='ltr'>fit,</span> <span class='ocrx_word' id='word_1_47' title='bbox 1142 457 1234 496; x_wconf 80' lang='lat' dir='ltr'>refer</span> <span class='ocrx_word' id='word_1_48' title='bbox 1253 455 1307 495; x_wconf 83' lang='lat' dir='ltr'>Cl.</span> <span class='ocrx_word' id='word_1_49' title='bbox 1327 453 1394 494; x_wconf 90' lang='lat' dir='ltr'>Lo</span> <span class='ocrx_word' id='word_1_50' title='bbox 1411 467 1508 493; x_wconf 76' lang='lat' dir='ltr'>RRY</span> <span class='ocrx_word' id='word_1_51' title='bbox 1534 452 1648 494; x_wconf 76' lang='lat' dir='ltr'><em>Me&#39;m.</em></span> 
     </span>
     <span class='ocr_line' id='line_1_7' title="bbox 64 512 1654 567; baseline 0.002 -17"><span class='ocrx_word' id='word_1_52' title='bbox 64 513 123 550; x_wconf 78' lang='lat' dir='ltr'>des</span> <span class='ocrx_word' id='word_1_53' title='bbox 139 513 289 561; x_wconf 67' lang='lat' dir='ltr'><strong><em>savum.</em></strong></span> <span class='ocrx_word' id='word_1_54' title='bbox 326 512 520 565; x_wconf 60' lang='lat' dir='ltr'>e‘trangers.</span> <span class='ocrx_word' id='word_1_55' title='bbox 548 516 592 554; x_wconf 88' lang='lat' dir='ltr'>T.</span> <span class='ocrx_word' id='word_1_56' title='bbox 629 517 688 555; x_wconf 78' lang='grc' dir='ltr'><strong>Η.</strong></span> <span class='ocrx_word' id='word_1_57' title='bbox 728 530 837 567; x_wconf 86' lang='lat' dir='ltr'>quem</span> <span class='ocrx_word' id='word_1_58' title='bbox 860 517 1026 556; x_wconf 85' lang='lat' dir='ltr'>libellum</span> <span class='ocrx_word' id='word_1_59' title='bbox 1051 530 1136 556; x_wconf 89' lang='lat' dir='ltr'>cum</span> <span class='ocrx_word' id='word_1_60' title='bbox 1167 525 1250 556; x_wconf 87' lang='lat' dir='ltr'>ante</span> <span class='ocrx_word' id='word_1_61' title='bbox 1281 515 1449 553; x_wconf 82' lang='lat' dir='ltr'>meos&amp;</span> <span class='ocrx_word' id='word_1_62' title='bbox 1483 514 1538 553; x_wconf 88' lang='lat' dir='ltr'>Cl.</span> <span class='ocrx_word' id='word_1_63' title='bbox 1572 514 1654 553; x_wconf 75' lang='lat' dir='ltr'>LA-</span> 
     </span>
     <span class='ocr_line' id='line_1_8' title="bbox 63 565 1654 627; baseline 0.001 -17"><span class='ocrx_word' id='word_1_64' title='bbox 63 583 198 610; x_wconf 77' lang='lat' dir='ltr'>MURE</span> <span class='ocrx_word' id='word_1_65' title='bbox 224 571 335 611; x_wconf 82' lang='lat' dir='ltr'>libros</span> <span class='ocrx_word' id='word_1_66' title='bbox 377 565 582 624; x_wconf 77' lang='lat' dir='ltr'><strong>scripserit,</strong></span> <span class='ocrx_word' id='word_1_67' title='bbox 618 576 678 614; x_wconf 79' lang='lat' dir='ltr'>etfi</span> <span class='ocrx_word' id='word_1_68' title='bbox 716 577 836 615; x_wconf 85' lang='lat' dir='ltr'>multo</span> <span class='ocrx_word' id='word_1_69' title='bbox 871 577 1051 626; x_wconf 84' lang='lat' dir='ltr'>posterior</span> <span class='ocrx_word' id='word_1_70' title='bbox 1088 577 1250 627; x_wconf 88' lang='lat' dir='ltr'>prodiit,</span> <span class='ocrx_word' id='word_1_71' title='bbox 1288 587 1387 614; x_wconf 90' lang='lat' dir='ltr'><strong>nunc</strong></span> <span class='ocrx_word' id='word_1_72' title='bbox 1420 573 1553 616; x_wconf 82' lang='lat' dir='ltr'>video,</span> <span class='ocrx_word' id='word_1_73' title='bbox 1588 586 1654 612; x_wconf 85' lang='lat' dir='ltr'>cur</span> 
     </span>
     <span class='ocr_line' id='line_1_9' title="bbox 63 632 1655 689; baseline 0.003 -21"><span class='ocrx_word' id='word_1_74' title='bbox 63 637 235 669; x_wconf 80' lang='lat' dir='ltr'>neutrum</span> <span class='ocrx_word' id='word_1_75' title='bbox 268 633 431 672; x_wconf 87' lang='lat' dir='ltr'>nostrum</span> <span class='ocrx_word' id='word_1_76' title='bbox 460 636 640 679; x_wconf 78' lang='lat' dir='ltr'>citaverit,</span> <span class='ocrx_word' id='word_1_77' title='bbox 671 649 791 686; x_wconf 84' lang='lat' dir='ltr'><strong>neque</strong></span> <span class='ocrx_word' id='word_1_78' title='bbox 824 648 939 686; x_wconf 90' lang='lat' dir='ltr'>porro</span> <span class='ocrx_word' id='word_1_79' title='bbox 989 636 1101 675; x_wconf 88' lang='lat' dir='ltr'>credo</span> <span class='ocrx_word' id='word_1_80' title='bbox 1129 637 1166 674; x_wconf 90' lang='lat' dir='ltr'>id</span> <span class='ocrx_word' id='word_1_81' title='bbox 1202 635 1386 689; x_wconf 69' lang='lat' dir='ltr'>mentium</span> <span class='ocrx_word' id='word_1_82' title='bbox 1415 633 1562 684; x_wconf 83' lang='lat' dir='ltr'>culpam</span> <span class='ocrx_word' id='word_1_83' title='bbox 1592 632 1655 672; x_wconf 86' lang='lat' dir='ltr'>ha-</span> 
     </span>
     <span class='ocr_line' id='line_1_10' title="bbox 63 690 158 728; baseline -0.011 0"><span class='ocrx_word' id='word_1_84' title='bbox 63 690 158 728; x_wconf 83' lang='lat' dir='ltr'>bere.</span> 
     </span>
    </p>

    <p class='ocr_par' dir='ltr' id='par_1_5' title="bbox 60 748 1656 922">
     <span class='ocr_line' id='line_1_11' title="bbox 124 748 1656 804; baseline 0.002 -16"><span class='ocrx_word' id='word_1_85' title='bbox 124 752 160 787; x_wconf 77' lang='grc' dir='ltr'><strong>Ρ.</strong></span> <span class='ocrx_word' id='word_1_86' title='bbox 208 758 290 794; x_wconf 86' lang='lat'><em>183.</em></span> <span class='ocrx_word' id='word_1_87' title='bbox 327 751 401 790; x_wconf 81' lang='lat' dir='ltr'>Sub</span> <span class='ocrx_word' id='word_1_88' title='bbox 443 753 603 797; x_wconf 83' lang='lat' dir='ltr'>fornice,</span> <span class='ocrx_word' id='word_1_89' title='bbox 653 767 717 804; x_wconf 85' lang='lat' dir='ltr'>per</span> <span class='ocrx_word' id='word_1_90' title='bbox 758 748 882 793; x_wconf 67' lang='lat' dir='ltr'>baseos</span> <span class='ocrx_word' id='word_1_91' title='bbox 919 756 994 803; x_wconf 84' lang='lat' dir='ltr'><strong>ejus</strong></span> <span class='ocrx_word' id='word_1_92' title='bbox 1037 754 1218 804; x_wconf 83' lang='lat' dir='ltr'>particulae</span> <span class='ocrx_word' id='word_1_93' title='bbox 1257 754 1443 795; x_wconf 80' lang='lat' dir='ltr'>radicem,</span> <span class='ocrx_word' id='word_1_94' title='bbox 1494 752 1530 788; x_wconf 69' lang='grc' dir='ltr'>δι</span> <span class='ocrx_word' id='word_1_95' title='bbox 1566 765 1656 802; x_wconf 82' lang='lat' dir='ltr'>prae-</span> 
     </span>
     <span class='ocr_line' id='line_1_12' title="bbox 60 810 1654 865; baseline 0.003 -20"><span class='ocrx_word' id='word_1_96' title='bbox 60 810 215 858; x_wconf 82' lang='lat' dir='ltr'>grandes</span> <span class='ocrx_word' id='word_1_97' title='bbox 250 810 409 860; x_wconf 77' lang='lat' dir='ltr'>lymphae</span> <span class='ocrx_word' id='word_1_98' title='bbox 442 812 568 851; x_wconf 60' lang='lat' dir='ltr'>dudius</span> <span class='ocrx_word' id='word_1_99' title='bbox 585 842 594 856; x_wconf 92' lang='lat'>‚</span> <span class='ocrx_word' id='word_1_100' title='bbox 632 814 749 852; x_wconf 79' lang='lat' dir='ltr'>versus</span> <span class='ocrx_word' id='word_1_101' title='bbox 770 815 982 864; x_wconf 79' lang='lat' dir='ltr'>glandulam</span> <span class='ocrx_word' id='word_1_102' title='bbox 1004 816 1188 865; x_wconf 77' lang='lat' dir='ltr'>pinealem</span> <span class='ocrx_word' id='word_1_103' title='bbox 1204 812 1301 852; x_wconf 81' lang='lat' dir='ltr'>iviffe</span> <span class='ocrx_word' id='word_1_104' title='bbox 1324 814 1415 851; x_wconf 67' lang='lat' dir='ltr'>vidit</span> <span class='ocrx_word' id='word_1_105' title='bbox 1444 810 1525 850; x_wconf 80' lang='lat' dir='ltr'>Mo</span> <span class='ocrx_word' id='word_1_106' title='bbox 1541 826 1560 849; x_wconf 73' lang='grc' dir='ltr'>ε’.</span> <span class='ocrx_word' id='word_1_107' title='bbox 1575 823 1599 849; x_wconf 81' lang='lat' dir='ltr'>G</span> <span class='ocrx_word' id='word_1_108' title='bbox 1616 825 1654 850; x_wconf 70' lang='lat' dir='ltr'>A—</span> 
     </span>
     <span class='ocr_line' id='line_1_13' title="bbox 63 868 758 922; baseline 0.01 -18"><span class='ocrx_word' id='word_1_109' title='bbox 63 879 136 905; x_wconf 80' lang='lat' dir='ltr'>GN.</span> <span class='ocrx_word' id='word_1_110' title='bbox 163 868 235 918; x_wconf 78' lang='lat' dir='ltr'><em>sed.</em></span> <span class='ocrx_word' id='word_1_111' title='bbox 263 871 351 919; x_wconf 72' lang='lat' dir='ltr'>cchI</span> <span class='ocrx_word' id='word_1_112' title='bbox 383 873 491 909; x_wconf 65' lang='lat' dir='ltr'>nro-fb.</span> <span class='ocrx_word' id='word_1_113' title='bbox 528 872 558 911; x_wconf 92' lang='lat' dir='ltr'>L</span> <span class='ocrx_word' id='word_1_114' title='bbox 591 874 615 911; x_wconf 74' lang='grc' dir='ltr'><strong>Ι.</strong></span> <span class='ocrx_word' id='word_1_115' title='bbox 638 886 660 922; x_wconf 90' lang='lat' dir='ltr'>p</span> <span class='ocrx_word' id='word_1_116' title='bbox 697 885 758 919; x_wconf 59' lang='lat'>55.</span> 
     </span>
    </p>

    <p class='ocr_par' dir='ltr' id='par_1_6' title="bbox 61 926 1656 1043">
     <span class='ocr_line' id='line_1_14' title="bbox 123 926 1656 984; baseline 0.002 -19"><span class='ocrx_word' id='word_1_117' title='bbox 123 926 262 971; x_wconf 79' lang='lat' dir='ltr'>P.186.</span> <span class='ocrx_word' id='word_1_118' title='bbox 298 930 340 968; x_wconf 88' lang='lat' dir='ltr'>In</span> <span class='ocrx_word' id='word_1_119' title='bbox 366 930 520 980; x_wconf 82' lang='lat' dir='ltr'><strong>piscibus</strong></span> <span class='ocrx_word' id='word_1_120' title='bbox 546 932 642 970; x_wconf 69' lang='lat' dir='ltr'>fibrae</span> <span class='ocrx_word' id='word_1_121' title='bbox 674 934 760 972; x_wconf 80' lang='lat' dir='ltr'>albae</span> <span class='ocrx_word' id='word_1_122' title='bbox 791 934 1035 972; x_wconf 68' lang='lat' dir='ltr'>thalamorum</span> <span class='ocrx_word' id='word_1_123' title='bbox 1067 936 1278 984; x_wconf 75' lang='lat' dir='ltr'>opticorum</span> <span class='ocrx_word' id='word_1_124' title='bbox 1308 930 1583 970; x_wconf 67' lang='lat' dir='ltr'>manifestiffime</span> <span class='ocrx_word' id='word_1_125' title='bbox 1617 932 1656 968; x_wconf 79' lang='lat' dir='ltr'>in</span> 
     </span>
     <span class='ocr_line' id='line_1_15' title="bbox 61 988 1400 1043; baseline 0.002 -18"><span class='ocrx_word' id='word_1_126' title='bbox 61 999 219 1026; x_wconf 84' lang='lat' dir='ltr'>nervum</span> <span class='ocrx_word' id='word_1_127' title='bbox 242 990 319 1035; x_wconf 81' lang='lat' dir='ltr'>ejus</span> <span class='ocrx_word' id='word_1_128' title='bbox 345 994 504 1029; x_wconf 84' lang='lat' dir='ltr'>nominis</span> <span class='ocrx_word' id='word_1_129' title='bbox 542 994 712 1042; x_wconf 77' lang='lat' dir='ltr'>utrinque</span> <span class='ocrx_word' id='word_1_130' title='bbox 738 988 987 1043; x_wconf 71' lang='lat' dir='ltr'>colligishtur,</span> <span class='ocrx_word' id='word_1_131' title='bbox 1024 995 1060 1032; x_wconf 84' lang='lat'>&amp;</span> <span class='ocrx_word' id='word_1_132' title='bbox 1087 996 1184 1032; x_wconf 79' lang='lat' dir='ltr'>intus</span> <span class='ocrx_word' id='word_1_133' title='bbox 1220 994 1255 1030; x_wconf 66' lang='lat'>8:</span> <span class='ocrx_word' id='word_1_134' title='bbox 1287 999 1400 1030; x_wconf 68' lang='lat' dir='ltr'>extus.</span> 
     </span>
    </p>

    <p class='ocr_par' dir='ltr' id='par_1_7' title="bbox 55 1046 1659 1278">
     <span class='ocr_line' id='line_1_16' title="bbox 123 1046 1659 1103; baseline 0.003 -20"><span class='ocrx_word' id='word_1_135' title='bbox 123 1046 161 1084; x_wconf 91' lang='lat' dir='ltr'>P.</span> <span class='ocrx_word' id='word_1_136' title='bbox 189 1059 272 1091; x_wconf 74' lang='lat'>190.</span> <span class='ocrx_word' id='word_1_137' title='bbox 308 1050 347 1086; x_wconf 71' lang='lat' dir='ltr'>In</span> <span class='ocrx_word' id='word_1_138' title='bbox 371 1063 485 1088; x_wconf 82' lang='lat' dir='ltr'>nervo</span> <span class='ocrx_word' id='word_1_139' title='bbox 521 1053 649 1090; x_wconf 79' lang='lat' dir='ltr'>crurali</span> <span class='ocrx_word' id='word_1_140' title='bbox 684 1054 839 1090; x_wconf 85' lang='lat' dir='ltr'>multum</span> <span class='ocrx_word' id='word_1_141' title='bbox 871 1055 985 1103; x_wconf 82' lang='lat' dir='ltr'>adipis</span> <span class='ocrx_word' id='word_1_142' title='bbox 1005 1082 1015 1096; x_wconf 87' lang='lat'>‚</span> <span class='ocrx_word' id='word_1_143' title='bbox 1051 1055 1088 1091; x_wconf 82' lang='lat'>&amp;</span> <span class='ocrx_word' id='word_1_144' title='bbox 1113 1054 1195 1102; x_wconf 81' lang='lat' dir='ltr'>plus</span> <span class='ocrx_word' id='word_1_145' title='bbox 1228 1052 1439 1101; x_wconf 56' lang='lat' dir='ltr'>aiiquanto,</span> <span class='ocrx_word' id='word_1_146' title='bbox 1474 1051 1584 1100; x_wconf 72' lang='lat' dir='ltr'>&#39;quam</span> <span class='ocrx_word' id='word_1_147' title='bbox 1615 1048 1659 1087; x_wconf 86' lang='lat' dir='ltr'>fi-</span> 
     </span>
     <span class='ocr_line' id='line_1_17' title="bbox 55 1106 1490 1162; baseline 0.001 -17"><span class='ocrx_word' id='word_1_148' title='bbox 55 1106 212 1145; x_wconf 73' lang='lat' dir='ltr'>‘brarum</span> <span class='ocrx_word' id='word_1_149' title='bbox 235 1110 370 1156; x_wconf 75' lang='lat' dir='ltr'>reperit</span> <span class='ocrx_word' id='word_1_150' title='bbox 396 1111 401 1145; x_wconf 69' lang='grc' dir='ltr'>ἰ</span> <span class='ocrx_word' id='word_1_151' title='bbox 423 1122 443 1146; x_wconf 79' lang='grc' dir='ltr'><strong>ι.</strong></span> <span class='ocrx_word' id='word_1_152' title='bbox 458 1123 477 1147; x_wconf 84' lang='lat' dir='ltr'>L</span> <span class='ocrx_word' id='word_1_153' title='bbox 512 1111 591 1149; x_wconf 90' lang='lat' dir='ltr'>Mo</span> <span class='ocrx_word' id='word_1_154' title='bbox 606 1125 623 1149; x_wconf 72' lang='lat' dir='ltr'>n</span> <span class='ocrx_word' id='word_1_155' title='bbox 638 1124 664 1149; x_wconf 84' lang='lat' dir='ltr'>G</span> <span class='ocrx_word' id='word_1_156' title='bbox 679 1126 696 1149; x_wconf 72' lang='lat' dir='ltr'><strong>A</strong></span> <span class='ocrx_word' id='word_1_157' title='bbox 712 1124 736 1149; x_wconf 86' lang='lat' dir='ltr'>G</span> <span class='ocrx_word' id='word_1_158' title='bbox 755 1126 775 1149; x_wconf 70' lang='lat' dir='ltr'>N</span> <span class='ocrx_word' id='word_1_159' title='bbox 790 1125 812 1150; x_wconf 84' lang='lat' dir='ltr'>u</span> <span class='ocrx_word' id='word_1_160' title='bbox 830 1126 844 1150; x_wconf 85' lang='lat' dir='ltr'>s</span> <span class='ocrx_word' id='word_1_161' title='bbox 864 1114 936 1161; x_wconf 74' lang='lat' dir='ltr'><em>sed.</em></span> <span class='ocrx_word' id='word_1_162' title='bbox 973 1113 1063 1162; x_wconf 78' lang='lat' dir='ltr'><em>caus.</em></span> <span class='ocrx_word' id='word_1_163' title='bbox 1096 1113 1206 1150; x_wconf 71' lang='lat' dir='ltr'>morb.</span> <span class='ocrx_word' id='word_1_164' title='bbox 1245 1112 1296 1148; x_wconf 75' lang='lat' dir='ltr'>II.</span> <span class='ocrx_word' id='word_1_165' title='bbox 1335 1123 1370 1161; x_wconf 80' lang='lat' dir='ltr'>p.</span> <span class='ocrx_word' id='word_1_166' title='bbox 1392 1116 1490 1156; x_wconf 76' lang='lat'>445.</span> 
     </span>
     <span class='ocr_line' id='line_1_18' title="bbox 56 1165 1654 1219; baseline 0.001 -16"><span class='ocrx_word' id='word_1_167' title='bbox 56 1194 59 1196; x_wconf 50' lang='lat'>&gt;</span> <span class='ocrx_word' id='word_1_168' title='bbox 124 1165 162 1203; x_wconf 91' lang='lat' dir='ltr'>P.</span> <span class='ocrx_word' id='word_1_169' title='bbox 182 1177 265 1210; x_wconf 72' lang='lat'>19-2.</span> <span class='ocrx_word' id='word_1_170' title='bbox 301 1166 389 1205; x_wconf 78' lang='lat' dir='ltr'>Haec</span> <span class='ocrx_word' id='word_1_171' title='bbox 413 1181 508 1207; x_wconf 80' lang='lat' dir='ltr'>nova</span> <span class='ocrx_word' id='word_1_172' title='bbox 537 1173 747 1209; x_wconf 80' lang='lat' dir='ltr'>membrana</span> <span class='ocrx_word' id='word_1_173' title='bbox 779 1173 939 1210; x_wconf 78' lang='lat' dir='ltr'><strong>defendit</strong></span> <span class='ocrx_word' id='word_1_174' title='bbox 960 1184 1117 1215; x_wconf 83' lang='lat' dir='ltr'>nervos,</span> <span class='ocrx_word' id='word_1_175' title='bbox 1153 1178 1193 1208; x_wconf 82' lang='lat' dir='ltr'>ut</span> <span class='ocrx_word' id='word_1_176' title='bbox 1227 1172 1338 1213; x_wconf 78' lang='lat' dir='ltr'>rami,</span> <span class='ocrx_word' id='word_1_177' title='bbox 1372 1182 1482 1219; x_wconf 82' lang='lat' dir='ltr'>quam</span> <span class='ocrx_word' id='word_1_178' title='bbox 1512 1169 1654 1210; x_wconf 80' lang='lat' dir='ltr'>trunci,</span> 
     </span>
     <span class='ocr_line' id='line_1_19' title="bbox 63 1224 1563 1278; baseline 0.007 -16"><span class='ocrx_word' id='word_1_179' title='bbox 63 1224 177 1275; x_wconf 78' lang='lat' dir='ltr'>longe</span> <span class='ocrx_word' id='word_1_180' title='bbox 203 1225 378 1264; x_wconf 79' lang='lat' dir='ltr'>firmiores</span> <span class='ocrx_word' id='word_1_181' title='bbox 399 1228 467 1266; x_wconf 73' lang='lat' dir='ltr'>sint</span> <span class='ocrx_word' id='word_1_182' title='bbox 497 1229 674 1268; x_wconf 56' lang='lat' dir='ltr'>Maxu</span> <span class='ocrx_word' id='word_1_183' title='bbox 709 1231 820 1268; x_wconf 75' lang='lat' dir='ltr'><strong><em>Me‘m.</em></strong></span> <span class='ocrx_word' id='word_1_184' title='bbox 846 1234 885 1270; x_wconf 68' lang='lat' dir='ltr'>de</span> <span class='ocrx_word' id='word_1_185' title='bbox 915 1232 1049 1270; x_wconf 78' lang='lat' dir='ltr'>Berlin.</span> <span class='ocrx_word' id='word_1_186' title='bbox 1086 1244 1167 1269; x_wconf 79' lang='lat' dir='ltr'>ann.</span> <span class='ocrx_word' id='word_1_187' title='bbox 1204 1240 1318 1276; x_wconf 75' lang='lat'>1749.</span> <span class='ocrx_word' id='word_1_188' title='bbox 1361 1242 1395 1278; x_wconf 83' lang='lat' dir='ltr'>p·</span> <span class='ocrx_word' id='word_1_189' title='bbox 1415 1241 1479 1273; x_wconf 84' lang='lat'>90-</span> <span class='ocrx_word' id='word_1_190' title='bbox 1510 1240 1563 1272; x_wconf 81' lang='lat'>91·</span> 
     </span>
    </p>

    <p class='ocr_par' dir='ltr' id='par_1_8' title="bbox 65 1286 1660 1454">
     <span class='ocr_line' id='line_1_20' title="bbox 125 1286 1660 1339; baseline 0.002 -16"><span class='ocrx_word' id='word_1_191' title='bbox 125 1286 162 1323; x_wconf 86' lang='lat' dir='ltr'>P.</span> <span class='ocrx_word' id='word_1_192' title='bbox 186 1293 268 1325; x_wconf 88' lang='lat'>206</span> <span class='ocrx_word' id='word_1_193' title='bbox 316 1286 407 1324; x_wconf 84' lang='lat' dir='ltr'>Non</span> <span class='ocrx_word' id='word_1_194' title='bbox 434 1289 535 1327; x_wconf 76' lang='lat' dir='ltr'>facile</span> <span class='ocrx_word' id='word_1_195' title='bbox 568 1291 637 1333; x_wconf 86' lang='lat' dir='ltr'>est,</span> <span class='ocrx_word' id='word_1_196' title='bbox 674 1292 871 1329; x_wconf 68' lang='lat' dir='ltr'>medullam</span> <span class='ocrx_word' id='word_1_197' title='bbox 902 1293 1003 1330; x_wconf 85' lang='lat' dir='ltr'>nervi</span> <span class='ocrx_word' id='word_1_198' title='bbox 1025 1291 1201 1329; x_wconf 67' lang='lat' dir='ltr'>olfa&amp;orii</span> <span class='ocrx_word' id='word_1_199' title='bbox 1233 1302 1298 1339; x_wconf 85' lang='lat' dir='ltr'>per</span> <span class='ocrx_word' id='word_1_200' title='bbox 1327 1287 1513 1338; x_wconf 69' lang='lat' dir='ltr'>vaginulas</span> <span class='ocrx_word' id='word_1_201' title='bbox 1537 1290 1579 1325; x_wconf 88' lang='lat' dir='ltr'>in</span> <span class='ocrx_word' id='word_1_202' title='bbox 1595 1299 1660 1326; x_wconf 78' lang='lat' dir='ltr'>na-</span> 
     </span>
     <span class='ocr_line' id='line_1_21' title="bbox 66 1344 1660 1401; baseline 0 -18"><span class='ocrx_word' id='word_1_203' title='bbox 66 1356 121 1383; x_wconf 87' lang='lat' dir='ltr'>res</span> <span class='ocrx_word' id='word_1_204' title='bbox 153 1344 357 1392; x_wconf 83' lang='lat' dir='ltr'>deducere3</span> <span class='ocrx_word' id='word_1_205' title='bbox 392 1348 428 1384; x_wconf 63' lang='grc' dir='ltr'>ἃ</span> <span class='ocrx_word' id='word_1_206' title='bbox 459 1358 612 1397; x_wconf 81' lang='lat' dir='ltr'>negatur</span> <span class='ocrx_word' id='word_1_207' title='bbox 644 1353 799 1388; x_wconf 80' lang='lat' dir='ltr'>omnino</span> <span class='ocrx_word' id='word_1_208' title='bbox 826 1351 956 1390; x_wconf 84' lang='lat' dir='ltr'>deduci</span> <span class='ocrx_word' id='word_1_209' title='bbox 975 1350 1076 1401; x_wconf 79' lang='lat' dir='ltr'>posse</span> <span class='ocrx_word' id='word_1_210' title='bbox 1103 1350 1218 1388; x_wconf 83' lang='lat' dir='ltr'><em>Me&#39;m.</em></span> <span class='ocrx_word' id='word_1_211' title='bbox 1248 1351 1287 1386; x_wconf 82' lang='lat' dir='ltr'>de</span> <span class='ocrx_word' id='word_1_212' title='bbox 1308 1348 1440 1386; x_wconf 77' lang='lat' dir='ltr'><em>I‘Acad.</em></span> <span class='ocrx_word' id='word_1_213' title='bbox 1464 1348 1505 1385; x_wconf 83' lang='lat' dir='ltr'>de</span> <span class='ocrx_word' id='word_1_214' title='bbox 1533 1347 1660 1384; x_wconf 76' lang='lat' dir='ltr'>Berlin</span> 
     </span>
     <span class='ocr_line' id='line_1_22' title="bbox 65 1402 369 1454; baseline 0.01 -13"><span class='ocrx_word' id='word_1_215' title='bbox 65 1403 109 1441; x_wconf 90' lang='lat' dir='ltr'>T.</span> <span class='ocrx_word' id='word_1_216' title='bbox 128 1402 198 1442; x_wconf 89' lang='lat' dir='ltr'>IX.</span> <span class='ocrx_word' id='word_1_217' title='bbox 232 1416 266 1454; x_wconf 90' lang='lat' dir='ltr'>p.</span> <span class='ocrx_word' id='word_1_218' title='bbox 285 1415 322 1449; x_wconf 84' lang='lat'>13</span> <span class='ocrx_word' id='word_1_219' title='bbox 335 1415 369 1449; x_wconf 82' lang='lat'>3.</span> 
     </span>
    </p>
   </div>
   <div class='ocr_carea' id='block_1_3' title="bbox 77 1463 1659 1517">
    <p class='ocr_par' dir='ltr' id='par_1_9' title="bbox 77 1463 1659 1517">
     <span class='ocr_line' id='line_1_23' title="bbox 77 1463 1659 1517; baseline 0.003 -15"><span class='ocrx_word' id='word_1_220' title='bbox 77 1498 79 1502; x_wconf 80' lang='grc'>,</span> <span class='ocrx_word' id='word_1_221' title='bbox 127 1463 161 1501; x_wconf 84' lang='grc' dir='ltr'><strong>Ρ.</strong></span> <span class='ocrx_word' id='word_1_222' title='bbox 179 1474 273 1502; x_wconf 81' lang='grc'><strong>222.</strong></span> <span class='ocrx_word' id='word_1_223' title='bbox 307 1463 389 1502; x_wconf 79' lang='lat' dir='ltr'>Pars</span> <span class='ocrx_word' id='word_1_224' title='bbox 411 1466 590 1514; x_wconf 81' lang='lat' dir='ltr'>posterior</span> <span class='ocrx_word' id='word_1_225' title='bbox 606 1469 708 1506; x_wconf 86' lang='lat' dir='ltr'>nervi</span> <span class='ocrx_word' id='word_1_226' title='bbox 733 1468 824 1506; x_wconf 79' lang='lat' dir='ltr'>sexti</span> <span class='ocrx_word' id='word_1_227' title='bbox 852 1469 945 1517; x_wconf 83' lang='lat' dir='ltr'>paris</span> <span class='ocrx_word' id='word_1_228' title='bbox 966 1470 1074 1507; x_wconf 85' lang='lat' dir='ltr'>rubra</span> <span class='ocrx_word' id='word_1_229' title='bbox 1093 1469 1164 1511; x_wconf 86' lang='lat' dir='ltr'>est,</span> <span class='ocrx_word' id='word_1_230' title='bbox 1201 1468 1218 1515; x_wconf 83' lang='grc'><em>&lt;</em></span> <span class='ocrx_word' id='word_1_231' title='bbox 1229 1466 1427 1516; x_wconf 82' lang='lat' dir='ltr'>eademque</span> <span class='ocrx_word' id='word_1_232' title='bbox 1452 1464 1595 1504; x_wconf 79' lang='lat' dir='ltr'>craffior</span> <span class='ocrx_word' id='word_1_233' title='bbox 1612 1495 1622 1507; x_wconf 80' lang='lat'>‚</span> <span class='ocrx_word' id='word_1_234' title='bbox 1642 1467 1659 1510; x_wconf 87' lang='lat'>)</span> 
     </span>
    </p>
   </div>
   <div class='ocr_carea' id='block_1_4' title="bbox 66 1521 1659 1617">
    <p class='ocr_par' dir='ltr' id='par_1_10' title="bbox 66 1521 1659 1617">
     <span class='ocr_line' id='line_1_24' title="bbox 68 1521 1659 1570; baseline 0.003 -12"><span class='ocrx_word' id='word_1_235' title='bbox 68 1521 217 1570; x_wconf 88' lang='lat' dir='ltr'>quando</span> <span class='ocrx_word' id='word_1_236' title='bbox 248 1523 515 1560; x_wconf 81' lang='lat' dir='ltr'>intercostalem</span> <span class='ocrx_word' id='word_1_237' title='bbox 559 1537 713 1562; x_wconf 80' lang='lat' dir='ltr'>nervum</span> <span class='ocrx_word' id='word_1_238' title='bbox 758 1528 865 1562; x_wconf 79' lang='lat' dir='ltr'>edit:</span> <span class='ocrx_word' id='word_1_239' title='bbox 909 1538 954 1562; x_wconf 90' lang='lat' dir='ltr'>eo</span> <span class='ocrx_word' id='word_1_240' title='bbox 991 1527 1091 1563; x_wconf 87' lang='lat' dir='ltr'>edito</span> <span class='ocrx_word' id='word_1_241' title='bbox 1126 1527 1227 1562; x_wconf 81' lang='lat' dir='ltr'>albus</span> <span class='ocrx_word' id='word_1_242' title='bbox 1278 1526 1377 1562; x_wconf 85' lang='lat' dir='ltr'>idem</span> <span class='ocrx_word' id='word_1_243' title='bbox 1408 1524 1483 1566; x_wconf 87' lang='lat' dir='ltr'>est,</span> <span class='ocrx_word' id='word_1_244' title='bbox 1518 1525 1556 1562; x_wconf 69' lang='grc' dir='ltr'>ἅ</span> <span class='ocrx_word' id='word_1_245' title='bbox 1592 1526 1659 1563; x_wconf 77' lang='lat' dir='ltr'>mi-</span> 
     </span>
     <span class='ocr_line' id='line_1_25' title="bbox 66 1591 147 1617; baseline 0.012 -1"><span class='ocrx_word' id='word_1_246' title='bbox 66 1591 147 1617; x_wconf 89' lang='lat' dir='ltr'>nor.</span> 
     </span>
    </p>
   </div>
   <div class='ocr_carea' id='block_1_5' title="bbox 68 1638 1659 2108">
    <p class='ocr_par' dir='ltr' id='par_1_11' title="bbox 68 1638 1657 1750">
     <span class='ocr_line' id='line_1_26' title="bbox 126 1638 1657 1686; baseline 0.003 -10"><span class='ocrx_word' id='word_1_247' title='bbox 126 1638 165 1677; x_wconf 91' lang='lat' dir='ltr'>P.</span> <span class='ocrx_word' id='word_1_248' title='bbox 197 1650 292 1686; x_wconf 86' lang='lat'><strong>234.</strong></span> <span class='ocrx_word' id='word_1_249' title='bbox 326 1639 388 1679; x_wconf 90' lang='lat' dir='ltr'>De</span> <span class='ocrx_word' id='word_1_250' title='bbox 415 1643 516 1679; x_wconf 85' lang='lat' dir='ltr'>nervi</span> <span class='ocrx_word' id='word_1_251' title='bbox 556 1643 772 1681; x_wconf 83' lang='lat' dir='ltr'>recurrentis</span> <span class='ocrx_word' id='word_1_252' title='bbox 804 1645 910 1680; x_wconf 84' lang='lat' dir='ltr'>ramis</span> <span class='ocrx_word' id='word_1_253' title='bbox 940 1642 985 1680; x_wconf 78' lang='lat' dir='ltr'>ad</span> <span class='ocrx_word' id='word_1_254' title='bbox 1013 1654 1078 1681; x_wconf 87' lang='lat' dir='ltr'>cor</span> <span class='ocrx_word' id='word_1_255' title='bbox 1109 1642 1198 1680; x_wconf 81' lang='lat' dir='ltr'>datis</span> <span class='ocrx_word' id='word_1_256' title='bbox 1235 1642 1361 1680; x_wconf 87' lang='lat' dir='ltr'>confer</span> <span class='ocrx_word' id='word_1_257' title='bbox 1386 1642 1657 1681; x_wconf 45' lang='lat' dir='ltr'>Duvmm‘-</span> 
     </span>
     <span class='ocr_line' id='line_1_27' title="bbox 68 1699 551 1750; baseline 0.004 -14"><span class='ocrx_word' id='word_1_258' title='bbox 68 1709 174 1736; x_wconf 73' lang='lat' dir='ltr'>YUM</span> <span class='ocrx_word' id='word_1_259' title='bbox 197 1699 304 1747; x_wconf 66' lang='lat' dir='ltr'>posth.</span> <span class='ocrx_word' id='word_1_260' title='bbox 337 1699 361 1737; x_wconf 91' lang='grc' dir='ltr'><strong>Ι.</strong></span> <span class='ocrx_word' id='word_1_261' title='bbox 397 1712 432 1750; x_wconf 86' lang='lat' dir='ltr'>p.</span> <span class='ocrx_word' id='word_1_262' title='bbox 467 1712 551 1746; x_wconf 83' lang='lat'>107.</span> 
     </span>
    </p>

    <p class='ocr_par' dir='ltr' id='par_1_12' title="bbox 71 1757 1657 1868">
     <span class='ocr_line' id='line_1_28' title="bbox 129 1757 1657 1809; baseline 0.003 -14"><span class='ocrx_word' id='word_1_263' title='bbox 129 1758 166 1796; x_wconf 90' lang='lat' dir='ltr'>P.</span> <span class='ocrx_word' id='word_1_264' title='bbox 184 1768 280 1805; x_wconf 84' lang='lat'>244.</span> <span class='ocrx_word' id='word_1_265' title='bbox 322 1757 385 1797; x_wconf 90' lang='lat' dir='ltr'>De</span> <span class='ocrx_word' id='word_1_266' title='bbox 415 1772 530 1798; x_wconf 83' lang='lat' dir='ltr'>nervo</span> <span class='ocrx_word' id='word_1_267' title='bbox 565 1759 760 1799; x_wconf 77' lang='lat' dir='ltr'>accessorio</span> <span class='ocrx_word' id='word_1_268' title='bbox 781 1760 916 1800; x_wconf 82' lang='lat' dir='ltr'>utiliter</span> <span class='ocrx_word' id='word_1_269' title='bbox 947 1763 1021 1809; x_wconf 83' lang='lat' dir='ltr'>egit</span> <span class='ocrx_word' id='word_1_270' title='bbox 1046 1760 1102 1798; x_wconf 90' lang='lat' dir='ltr'>Cl.</span> <span class='ocrx_word' id='word_1_271' title='bbox 1136 1759 1167 1798; x_wconf 93' lang='lat' dir='ltr'>L</span> <span class='ocrx_word' id='word_1_272' title='bbox 1183 1772 1369 1800; x_wconf 68' lang='lat' dir='ltr'>onsTEN</span> <span class='ocrx_word' id='word_1_273' title='bbox 1388 1764 1427 1799; x_wconf 86' lang='lat' dir='ltr'>in</span> <span class='ocrx_word' id='word_1_274' title='bbox 1449 1759 1522 1798; x_wconf 70' lang='lat' dir='ltr'>diff.</span> <span class='ocrx_word' id='word_1_275' title='bbox 1557 1762 1657 1799; x_wconf 67' lang='lat' dir='ltr'>inan«</span> 
     </span>
     <span class='ocr_line' id='line_1_29' title="bbox 71 1816 195 1868; baseline -0.024 -12"><span class='ocrx_word' id='word_1_276' title='bbox 71 1816 195 1868; x_wconf 85' lang='lat' dir='ltr'>gurali.</span> 
     </span>
    </p>

    <p class='ocr_par' dir='ltr' id='par_1_13' title="bbox 72 1876 1659 2108">
     <span class='ocr_line' id='line_1_30' title="bbox 130 1876 1653 1934; baseline 0.001 -20"><span class='ocrx_word' id='word_1_277' title='bbox 130 1876 185 1914; x_wconf 84' lang='lat' dir='ltr'>Ex</span> <span class='ocrx_word' id='word_1_278' title='bbox 206 1878 377 1918; x_wconf 80' lang='lat' dir='ltr'>omnibus</span> <span class='ocrx_word' id='word_1_279' title='bbox 410 1879 605 1917; x_wconf 79' lang='lat' dir='ltr'>intervallis</span> <span class='ocrx_word' id='word_1_280' title='bbox 633 1892 833 1918; x_wconf 86' lang='lat' dir='ltr'>nervorum</span> <span class='ocrx_word' id='word_1_281' title='bbox 852 1879 1102 1934; x_wconf 35' lang='lat' dir='ltr'>‘posteriorum</span> <span class='ocrx_word' id='word_1_282' title='bbox 1127 1892 1213 1919; x_wconf 86' lang='lat' dir='ltr'>eum</span> <span class='ocrx_word' id='word_1_283' title='bbox 1243 1880 1396 1919; x_wconf 85' lang='lat' dir='ltr'>deduxit</span> <span class='ocrx_word' id='word_1_284' title='bbox 1434 1891 1470 1928; x_wconf 88' lang='lat' dir='ltr'>p.</span> <span class='ocrx_word' id='word_1_285' title='bbox 1494 1885 1557 1920; x_wconf 80' lang='lat'>28.</span> <span class='ocrx_word' id='word_1_286' title='bbox 1578 1879 1601 1916; x_wconf 90' lang='lat' dir='ltr'>f.</span> <span class='ocrx_word' id='word_1_287' title='bbox 1627 1891 1653 1917; x_wconf 86' lang='lat'>1.</span> 
     </span>
     <span class='ocr_line' id='line_1_31' title="bbox 72 1935 1659 1988; baseline 0.001 -14"><span class='ocrx_word' id='word_1_288' title='bbox 72 1935 196 1985; x_wconf 84' lang='lat' dir='ltr'>saepius</span> <span class='ocrx_word' id='word_1_289' title='bbox 224 1940 315 1976; x_wconf 81' lang='lat' dir='ltr'>cum&#39;</span> <span class='ocrx_word' id='word_1_290' title='bbox 338 1939 460 1987; x_wconf 89' lang='lat' dir='ltr'>primo</span> <span class='ocrx_word' id='word_1_291' title='bbox 496 1942 767 1979; x_wconf 82' lang='lat' dir='ltr'>communicare</span> <span class='ocrx_word' id='word_1_292' title='bbox 785 1968 795 1983; x_wconf 90' lang='lat'><em>‚</em></span> <span class='ocrx_word' id='word_1_293' title='bbox 832 1940 869 1977; x_wconf 72' lang='grc' dir='ltr'>δε</span> <span class='ocrx_word' id='word_1_294' title='bbox 894 1940 1003 1976; x_wconf 81' lang='lat' dir='ltr'>rarius</span> <span class='ocrx_word' id='word_1_295' title='bbox 1027 1942 1206 1988; x_wconf 84' lang='lat' dir='ltr'>praeterire</span> <span class='ocrx_word' id='word_1_296' title='bbox 1237 1941 1328 1977; x_wconf 81' lang='lat' dir='ltr'>vidit</span> <span class='ocrx_word' id='word_1_297' title='bbox 1352 1940 1427 1977; x_wconf 81' lang='lat' dir='ltr'>ibid</span> <span class='ocrx_word' id='word_1_298' title='bbox 1466 1951 1501 1987; x_wconf 92' lang='lat' dir='ltr'>p.</span> <span class='ocrx_word' id='word_1_299' title='bbox 1527 1944 1589 1979; x_wconf 85' lang='lat'>28.</span> <span class='ocrx_word' id='word_1_300' title='bbox 1621 1939 1659 1975; x_wconf 69' lang='lat' dir='ltr'>Sc</span> 
     </span>
     <span class='ocr_line' id='line_1_32' title="bbox 73 1994 1658 2048; baseline 0 -15"><span class='ocrx_word' id='word_1_301' title='bbox 73 1994 204 2045; x_wconf 82' lang='lat' dir='ltr'>absque</span> <span class='ocrx_word' id='word_1_302' title='bbox 232 1997 408 2046; x_wconf 82' lang='lat' dir='ltr'>ganglio‚</span> <span class='ocrx_word' id='word_1_303' title='bbox 443 2006 562 2037; x_wconf 82' lang='lat' dir='ltr'>tamen</span> <span class='ocrx_word' id='word_1_304' title='bbox 587 2011 673 2038; x_wconf 90' lang='lat' dir='ltr'>cum</span> <span class='ocrx_word' id='word_1_305' title='bbox 701 2013 746 2038; x_wconf 89' lang='lat' dir='ltr'>eo</span> <span class='ocrx_word' id='word_1_306' title='bbox 787 2001 882 2038; x_wconf 88' lang='lat' dir='ltr'>uniri</span> <span class='ocrx_word' id='word_1_307' title='bbox 912 2011 949 2048; x_wconf 87' lang='lat' dir='ltr'>p.</span> <span class='ocrx_word' id='word_1_308' title='bbox 980 2008 1044 2042; x_wconf 87' lang='lat'>23.</span> <span class='ocrx_word' id='word_1_309' title='bbox 1084 2009 1147 2043; x_wconf 87' lang='lat'>29.</span> <span class='ocrx_word' id='word_1_310' title='bbox 1183 2001 1291 2037; x_wconf 84' lang='lat' dir='ltr'>etiam</span> <span class='ocrx_word' id='word_1_311' title='bbox 1323 2011 1407 2036; x_wconf 87' lang='lat' dir='ltr'>cum</span> <span class='ocrx_word' id='word_1_312' title='bbox 1443 1997 1571 2035; x_wconf 56' lang='lat' dir='ltr'>ociavo</span> <span class='ocrx_word' id='word_1_313' title='bbox 1597 2008 1658 2046; x_wconf 80' lang='lat' dir='ltr'>pa-</span> 
     </span>
     <span class='ocr_line' id='line_1_33' title="bbox 74 2055 1563 2108; baseline 0.001 -16"><span class='ocrx_word' id='word_1_314' title='bbox 74 2067 134 2095; x_wconf 76' lang='lat' dir='ltr'>re,</span> <span class='ocrx_word' id='word_1_315' title='bbox 168 2055 205 2092; x_wconf 87' lang='lat'>&amp;</span> <span class='ocrx_word' id='word_1_316' title='bbox 229 2067 315 2094; x_wconf 88' lang='lat' dir='ltr'>cum</span> <span class='ocrx_word' id='word_1_317' title='bbox 340 2057 552 2107; x_wconf 79' lang='lat' dir='ltr'>pharyngeo</span> <span class='ocrx_word' id='word_1_318' title='bbox 574 2060 612 2096; x_wconf 83' lang='lat' dir='ltr'>in</span> <span class='ocrx_word' id='word_1_319' title='bbox 644 2059 791 2098; x_wconf 80' lang='lat' dir='ltr'>transitu</span> <span class='ocrx_word' id='word_1_320' title='bbox 819 2071 885 2108; x_wconf 84' lang='lat' dir='ltr'>per</span> <span class='ocrx_word' id='word_1_321' title='bbox 917 2059 1080 2096; x_wconf 77' lang='lat' dir='ltr'>cranium</span> <span class='ocrx_word' id='word_1_322' title='bbox 1115 2060 1303 2108; x_wconf 87' lang='lat' dir='ltr'>conjungi.</span> <span class='ocrx_word' id='word_1_323' title='bbox 1328 2070 1360 2107; x_wconf 91' lang='lat' dir='ltr'>p.</span> <span class='ocrx_word' id='word_1_324' title='bbox 1385 2068 1449 2101; x_wconf 84' lang='lat'>32.</span> <span class='ocrx_word' id='word_1_325' title='bbox 1479 2056 1503 2094; x_wconf 84' lang='lat' dir='ltr'>f.</span> <span class='ocrx_word' id='word_1_326' title='bbox 1528 2067 1563 2094; x_wconf 89' lang='lat'>2.</span> 
     </span>
    </p>
   </div>
   <div class='ocr_carea' id='block_1_6' title="bbox 73 2113 1651 2224">
    <p class='ocr_par' dir='ltr' id='par_1_14' title="bbox 73 2113 1651 2224">
     <span class='ocr_line' id='line_1_34' title="bbox 136 2113 1651 2168; baseline 0 -16"><span class='ocrx_word' id='word_1_327' title='bbox 136 2113 173 2151; x_wconf 89' lang='lat' dir='ltr'>P.</span> <span class='ocrx_word' id='word_1_328' title='bbox 191 2125 284 2161; x_wconf 83' lang='lat'>245.</span> <span class='ocrx_word' id='word_1_329' title='bbox 320 2116 449 2155; x_wconf 80' lang='lat' dir='ltr'>Plexus</span> <span class='ocrx_word' id='word_1_330' title='bbox 475 2131 673 2157; x_wconf 83' lang='lat' dir='ltr'>nervorum</span> <span class='ocrx_word' id='word_1_331' title='bbox 697 2119 932 2157; x_wconf 78' lang='lat' dir='ltr'>brachialium</span> <span class='ocrx_word' id='word_1_332' title='bbox 949 2125 1073 2168; x_wconf 83' lang='lat' dir='ltr'>repete</span> <span class='ocrx_word' id='word_1_333' title='bbox 1086 2118 1182 2167; x_wconf 86' lang='lat' dir='ltr'>apud</span> <span class='ocrx_word' id='word_1_334' title='bbox 1212 2120 1243 2158; x_wconf 89' lang='lat' dir='ltr'>C</span> <span class='ocrx_word' id='word_1_335' title='bbox 1254 2133 1275 2156; x_wconf 82' lang='lat' dir='ltr'>A</span> <span class='ocrx_word' id='word_1_336' title='bbox 1287 2131 1317 2156; x_wconf 84' lang='lat' dir='ltr'>M</span> <span class='ocrx_word' id='word_1_337' title='bbox 1335 2130 1353 2154; x_wconf 79' lang='lat' dir='ltr'>P</span> <span class='ocrx_word' id='word_1_338' title='bbox 1366 2129 1385 2154; x_wconf 82' lang='lat' dir='ltr'>E</span> <span class='ocrx_word' id='word_1_339' title='bbox 1399 2130 1421 2154; x_wconf 79' lang='lat' dir='ltr'>R</span> <span class='ocrx_word' id='word_1_340' title='bbox 1437 2129 1455 2153; x_wconf 85' lang='grc' dir='ltr'>υ</span> <span class='ocrx_word' id='word_1_341' title='bbox 1469 2127 1500 2153; x_wconf 79' lang='grc' dir='ltr'><strong>Μ</strong></span> <span class='ocrx_word' id='word_1_342' title='bbox 1516 2115 1607 2165; x_wconf 78' lang='lat' dir='ltr'><strong><em>fasc.</em></strong></span> <span class='ocrx_word' id='word_1_343' title='bbox 1621 2114 1651 2153; x_wconf 85' lang='lat' dir='ltr'>l.</span> 
     </span>
     <span class='ocr_line' id='line_1_35' title="bbox 73 2171 745 2224; baseline 0.009 -13"><span class='ocrx_word' id='word_1_344' title='bbox 73 2171 224 2224; x_wconf 85' lang='lat' dir='ltr'>Septem</span> <span class='ocrx_word' id='word_1_345' title='bbox 260 2177 366 2214; x_wconf 80' lang='lat' dir='ltr'>etiam</span> <span class='ocrx_word' id='word_1_346' title='bbox 391 2184 541 2216; x_wconf 82' lang='lat' dir='ltr'>truncos</span> <span class='ocrx_word' id='word_1_347' title='bbox 571 2187 745 2217; x_wconf 74' lang='lat' dir='ltr'>numerat.</span> 
     </span>
    </p>
   </div>
   <div class='ocr_carea' id='block_1_7' title="bbox 137 2250 1659 2348">
    <p class='ocr_par' dir='ltr' id='par_1_15' title="bbox 137 2250 1659 2348">
     <span class='ocr_line' id='line_1_36' title="bbox 137 2250 1659 2302; baseline 0 -11"><span class='ocrx_word' id='word_1_348' title='bbox 137 2250 173 2289; x_wconf 85' lang='lat' dir='ltr'>P.</span> <span class='ocrx_word' id='word_1_349' title='bbox 203 2262 296 2302; x_wconf 82' lang='lat'>250.</span> <span class='ocrx_word' id='word_1_350' title='bbox 332 2253 392 2293; x_wconf 90' lang='lat' dir='ltr'>Sic</span> <span class='ocrx_word' id='word_1_351' title='bbox 416 2254 460 2293; x_wconf 79' lang='lat' dir='ltr'>ad</span> <span class='ocrx_word' id='word_1_352' title='bbox 502 2268 653 2298; x_wconf 83' lang='lat' dir='ltr'>nervum</span> <span class='ocrx_word' id='word_1_353' title='bbox 678 2254 910 2299; x_wconf 58' lang='lat' dir='ltr'>ischiadicum</span> <span class='ocrx_word' id='word_1_354' title='bbox 940 2255 1113 2296; x_wconf 86' lang='lat' dir='ltr'>eumdem</span> <span class='ocrx_word' id='word_1_355' title='bbox 1131 2255 1327 2295; x_wconf 70' lang='lat' dir='ltr'>Auctorem</span> <span class='ocrx_word' id='word_1_356' title='bbox 1357 2254 1522 2293; x_wconf 77' lang='lat' dir='ltr'>conferre</span> <span class='ocrx_word' id='word_1_357' title='bbox 1548 2263 1659 2302; x_wconf 80' lang='lat' dir='ltr'>opor-</span> 
     </span>
     <span class='ocr_line' id='line_1_37' title="bbox 1593 2319 1652 2348; baseline -0.039 0"><span class='ocrx_word' id='word_1_358' title='bbox 1593 2319 1652 2348; x_wconf 79' lang='lat' dir='ltr'>tet.</span> 
     </span>
    </p>
   </div>
  </div>
 </body>
</html>
