1955 2732
293 148 383 199 ,³84⁴
771 140 1404 187 ADDENDA'.

342 243 378 282 P.
405 243 503 289 331}
544 242 698 282 Saccum
730 243 768 282 δε
806 243 966 295 canalem
1003 241 1170 292 depingit
1198 241 1254 281 Cl.
1291 240 1548 280 Pnntucci
1572 237 1767 280 Cornicula
1797 239 1882 280 facit

291 303 467 347 cumula,
501 308 543 341 'ut
579 303 623 340 ad
653 303 687 340 se
719 304 877 342 invicem
892 301 1118 352 respiciantf.
1146 297 1241 340 ¹.⁴2.
1262 301 1299 339 &
1318 300 1476 351 superius
1493 299 1646 350 paulum
1657 299 1869 344 descendat,

289 362 438 401 inferius
469 362 667 400 adscendat.
695 362 717 400 f.
745 374 777 399 1.
1501 389 1505 393 .

345 420 494 460 Deinde
526 421 572 460 ad
602 433 635 471 p.
659 433 749 467 333.
782 421 913 459 Saccus
941 422 1048 459 etiam
1068 421 1173 470 supra
1206 419 1484 459 corniculorum
1515 419 1747 457 insertionem
1784 429 1873 457 con-

288 493 402 520 vexus
415 481 613 530 adsurgitf.
639 495 665 518 1.
689 491 723 518 2.
751 479 920 518 deorsum
940 482 1075 530 partim
1093 489 1233 523 ovatus,
1266 481 1402 529 partim
1430 480 1582 516 conicus
1602 478 1625 516 f.
1653 490 1683 515 1.
1710 488 1744 514 2.
1765 487 1799 521 3.
1832 488 1869 523 4.

287 538 332 578 In
359 552 404 578 eo
436 539 623 589 glandulas
653 540 792 589 deping
795 541 824 577 it
862 539 885 576 f.
914 549 948 576 2.
1001 540 1092 578 Non
1127 551 1280 577 omnem
1309 539 1504 577 humorem
1538 536 1771 576 lacrumalem
1809 548 1873 585 pet

251 597 258 603 ”
289 598 475 637 cornicula
491 599 659 637 advenire
676 611 711 648 p.
741 610 800 644 32.
810 588 1009 637 ‘Canalem
1026 611 1140 648 porro
1163 599 1245 636 alias
1263 597 1529 636 circamedium
1550 597 1697 646 stringi:
1731 595 1813 633 alias
1829 595 1874 633 ad

288 657 399 695 finem
441 665 647 697 extremum
679 658 753 696 fere
793 658 951 706 expandi
1000 670 1034 708 p.
1074 670 1132 704 15.
1173 658 1351 696 foramina
1395 656 1524 694 habere
1556 668 1590 706 p.
1606 661 1693 693 '1.6
1730 655 1766 692 &
1794 666 1874 704 gra-

285 716 371 755 nula
391 717 476 755 ibid.
511 717 598 756 Fine
624 718 775 767 angusto
800 719 929 766 aperiri
957 725 979 755 t.
1008 730 1036 754 1.
1057 717 1080 754 f.
1113 731 1140 755 1.
1172 718 1211 755 de
1233 716 1350 765 fistula
1379 717 1573 754 lacrumalz'.

349 777 384 815 P.
412 786 503 820 339
538 775 655 815 Etiam
684 779 722 814 in
735 777 907 815 cadavere
941 784 1184 815 atramentum
1214 776 1258 814 ad
1290 775 1476 826 palpebras
1503 774 1657 813 adlitum
1684 786 1746 825 per
1772 785 1874 812 nates

288 837 388 874 exire
411 834 754 884 ’νΗεΝΚΕιῙαηᾹ
786 834 895 873 VIII
927 848 964 884 p
988 848 1049 880 19
1086 836 1182 874 Vide
1208 837 1279 884 jam
1312 847 1345 885 p
1379 842 1468 881 146.

346 894 384 932 P.
419 905 511 941 350.
548 895 618 933 Pro
658 895 799 932 unione
826 906 1024 933 nervorum
1054 887 1277 944 opticorum.
1334 894 1514 943 Utrinque
1540 893 1756 936 amaurofis.
1790 904 1876 932 cum

289 961 457 992 centrum
487 955 589 991 nervi
623 954 739 1014 optici
767 954 879 993 unico
911 955 949 992 in
970 954 1079 992 latere
1102 954 1229 993 laesum
1256 952 1340 991 effet
1385 953 1659 992 Memnon.
1686 950 1760 1003 fid.
1783 951 1876 1001 caus.

286 1014 395 1052 morl).
424 1014 453 1050 l.
493 1025 527 1062 p
553 1025 617 1058 74.
719 1054 721 1056 ,

349 1072 383 1111 Ρ.
411 1079 525 1118 373.
550 1072 805 1111 Membranam
839 1073 1055 1124 pupillarem
1102 1066 1546 1112 WAcffizNDoRmo
1577 1071 1632 1111 Cl.
1671 1070 1875 1110 Koma<

291 1133 418 1177 tribuit
442 1131 539 1180 fetus
577 1132 623 1175 &
661 1133 767 1170 adult.
799 1132 908 1181 differ.
947 1146 980 1183 p.
1009 1145 1070 1171 10

348 1190 392 1230 In
423 1197 526 1241 partu
548 1191 744 1242 aliquando
764 1205 842 1230 eam
876 1194 1128 1231 membranam
1148 1194 1330 1243 integram
1357 1191 1425 1231 effe
1440 1222 1449 1237 ‚
1483 1191 1568 1230 alias
1599 1189 1776 1242 pupillam
1799 1193 1875 1229 amss

286 1251 394 1300 pliter
425 1258 546 1300 patere
575 1251 777 1290 CAMPER
805 1252 998 1290 verbandel
1033 1252 1070 1290 T.
1101 1252 1188 1290 VII.
1217 1253 1253 1291 P.
1276 1264 1309 1290 2.
1349 1265 1383 1302 p.
1405 1262 1502 1299 437.

288 1332 295 1352 ς
335 1311 384 1349 ·Ρ.
412 1316 505 1355 376.
541 1307 584 1348 In
618 1312 802 1349 moriente
837 1323 1012 1362 puerpera
1033 1311 1170 1362 pupilla
1200 1312 1409 1361 ampliffima
1437 1313 1474 1349 δι
1503 1312 1564 1349 iris
1595 1310 1641 1349 ad
1669 1309 1791 1349 lucem
1810 1311 1878 1348 im«

287 1368 437 1408 mobilis
454 1368 487 1406 R
499 1381 522 1406 0
535 1381 556 1406 E
571 1382 596 1407 D
611 1383 628 1407 ε
642 1383 666 1408 a
683 1383 698 1405 ε
715 1383 737 1408 n
756 1376 823 1407 art.
844 1371 1011 1417 obstetric.
1035 1383 1069 1421 p.
1100 1381 1174 1415 191.
1209 1371 1355 1410 Fatetur
1370 1402 1379 1416 ,
1394 1369 1396 1371 ’
1413 1374 1451 1410 in
1467 1370 1674 1409 universum
1701 1369 1880 1418 pupillam

289 1429 329 1466 in
362 1436 482 1465 morte
515 1427 652 1465 dilatari
691 1427 907 1466 anr'r.
936 1430 1058 1476 physic.
1097 1430 1148 1476 eff
1179 1441 1213 1477 p.
1240 1442 1328 1474 ¹45-
1368 1432 1406 1467 δε
1433 1443 1453 1467 a
1483 1429 1652 1468 musculis
1682 1436 1790 1476 negat
1823 1440 1878 1466 at·-

289 1486 375 1524 &cari
402 1485 896 1525 Musscnzmaozcx.
924 1486 947 1524 l.
976 1499 1006 1526 c.
1039 1498 1074 1536 p.
1099 1497 1184 1534 157.
1220 1487 1348 1537 Nuper
1377 1490 1416 1525 in
1439 1499 1580 1556 caneg
1598 1493 1720 1525 morte
1746 1486 1878 1525 oculos

293 1552 395 1586 totos
427 1547 554 1594 nigros
582 1546 666 1582 vidi.
1729 1568 1736 1575 .

289 1614 292 1620 ·
350 1603 387 1642 P.
407 1609 500 1649 378.
537 1602 741 1642 Nobiscum
769 1602 843 1641 fere
870 1602 916 1641 de
943 1601 1045 1642 causa
1065 1603 1195 1642 iridem
1227 1606 1381 1645 afflante
1412 1603 1518 1644 sentit
1545 1604 1601 1644 Cl.
1647 1603 1880 1644 Burnus

290 1663 424 1702 duodec.
457 1662 566 1711 quaest.

347 1721 385 1760 Ρ.
412 1729 504 1767 387.
540 1721 708 1760 Retinam
738 1721 781 1759 ad
810 1721 947 1760 lentem
975 1722 1215 1773 crystallinam
1253 1726 1398 1769 venire,
1434 1730 1517 1764 ante
1538 1736 1617 1763 eam
1646 1730 1770 1763 tamen
1795 1735 1874 1763 non

289 1782 465 1832 produci*
486 1780 718 1820 Loasexz
755 1780 892 1828 phyfiul.
930 1794 965 1830 p.
989 1794 1086 1826 225.

320 1841 402 1880 Cl.
438 1841 698 1880 PALLucet
731 1841 984 1879 membranam
1019 1852 1259 1882 communem
1291 1843 1480 1888 describit,
1515 1844 1639 1882 retinae
1672 1842 1873 1886 laminam,

293 1911 373 1951 quae
392 1909 476 1939 ante
496 1899 603 1938 lentis
623 1901 894 1939 convexitatem
905 1900 939 1938 se
954 1901 1144 1949 conjiciat,
1179 1904 1216 1941 &
1233 1903 1382 1952 capsulae
1398 1905 1474 1953 ejus
1487 1902 1706 1943 adhaerescat.
1729 1899 1877 1948 Me'tho-⁴

291 1961 331 1998 de
359 1959 533 1998 d‘ahattre
564 1961 599 1997 la
624 1966 733 1997 catar.
757 1970 791 2008 p.
816 1969 879 1996 22.
921 1960 988 1998 &c

351 2020 389 2058 Ρ.
413 2025 505 2063 389.
548 2018 665 2057 Etiam
698 2020 736 2056 in
762 2020 950 2067 rupicapra
973 2019 1080 2058 fibras
1107 2021 1233 2059 retinae
1253 2022 1336 2060 vidi.

349 2077 389 2116 P.
420 2084 501 2121 396
507 2109 512 2115 .
547 2076 726 2117 Omnino
743 2077 789 2115 de
811 2079 927 2116 vitreo
947 2077 1105 2117 humore
1122 2080 1255 2130 aliquid
1272 2081 1409 2119 solebat
1435 2081 1473 2119 in
1493 2081 1547 2120 Cl.
1588 2080 1626 2120 D
1643 2093 1663 2118 A
1677 2093 1700 2119 v
1713 2093 1759 2119 [Ε
1774 2093 1792 2117 t.
1816 2078 1877 2118 adss

293 2137 554 2175 ministratione
580 2137 625 2174 de
656 2136 767 2175 oculo
794 2135 977 2181 defluere,
1013 2141 1121 2177 etiam
1153 2141 1192 2177 in
1225 2152 1307 2189 gen.
1339 2140 1383 2179 de
1414 2140 1584 2180 Fonffl.
1615 2140 1705 2178 mihi
1737 2140 1874 2190 optime

292 2204 394 2292 {oto
420 2197 492 2235 A&
524 2196 669 2236 Helvec.
698 2196 743 2234 T.
763 2194 806 2234 V.
832 2207 863 2244 p
894 2207 986 2242 171.
1021 2197 1093 2236 Sed
1112 2200 1389 2249 regenerabant
1410 2199 1503 2240 ΡΜ.
1538 2199 1665 2249 Trans.
1687 2199 1764 2239 Vol.
1785 2197 1875 2246 LII.

360 2265 381 2290 2

353 2312 389 2351 P
418 2326 513 2364 400
547 2313 637 2356 Not.
668 2326 697 2354 a
722 2326 791 2364 pro
831 2321 952 2366 5086.
985 2317 1068 2367 lege
1107 2323 1242 2375 ςοςὸ.ῥ
1567 2356 1604 2385 0

1948 2350 1954 2386 ὲ

1707 2375 1742 2416 Ρ.
1774 2384 1876 2423 4042.
