1955 2732
320 130 374 167 34
530 108 646 181 ΜΒ
681 114 827 157 XXX.
887 113 1048 156 vrrA
1079 108 1474 158 ‘HUMA'NA-'ET
1508 107 1700 160 ’Mons

316 213 404 254 inde
428 213 471 252 ad
497 212 633 252 tibiam.
686 212 735 252 Ea
761 213 875 252 crusta
902 213 996 251 redit
1025 213 1184 256 damea,
1216 214 1271 251 ob
1298 212 1527 252 resistentiam
1546 214 1752 259 acetabuli,
1783 214 1821 253 ἃ
1849 217 1904 254 τε.

317 276 427 314 nuior
454 274 637 317 redditur,
671 274 707 311 ὃς
732 273 842 323 paulo
869 273 973 322 post,
1006 284 1071 322 per
1093 275 1204 323 quie
1197 285 1255 311 m
1274 275 1430 317 arteriae,
1462 273 1594 318 reiilit',
1619 275 1656 312 &
1675 269 1921 331 expanditur.

311 334 392 373 'Sed
419 341 513 373 artus
541 345 669 371 omnes
697 335 826 371 conice
851 331 969 371 versus
998 331 1133 382 digitos
1155 332 1419 372 diminuuntur.
1462 333 1586 381 Qiare
1612 333 1828 385 cartilaginis
1854 323 1910 373 f&
1947 327 1955 354 1

317 394 467 432 moralis
495 393 687 443 superioris
717 393 760 430 el
761 399 825 430 iter
851 391 970 430 femur
993 391 1163 430 deorsum
1181 395 1366 442 reprimit,
1403 394 1441 431 &
1460 405 1512 432 co
1517 401 1593 432 ¹itra
1619 394 1745 432 tibiam
1774 391 1904 444 urget,

320 461 361 492 ut
392 461 467 491 tota
496 460 619 490 catena
641 451 769 490 ollium
795 451 1024 501 reliquorum
1055 454 1166 490 cruris
1197 453 1422 491 extendatur.
1469 452 1609 491 Refistit
1633 454 1742 496 tibia,
1772 452 1906 497 tarsun,

320 511 527 550 metetarsus
543 540 551 553 ,
587 511 646 548 sed
675 510 851 553 debilius,
886 523 971 548 nam
991 510 1140 556 femoris
1170 512 1351 557 &major
1376 512 1425 549 est
1449 514 1573 550 arteria
1592 541 1601 555 ,
1633 513 1670 550 δι
1701 514 1752 550 vis
1776 523 1911 562 expan-

322 571 411 609 dens
442 571 658 619 cartilaginis
684 571 811 618 major.
847 569 1006 608 Tamdiu
1030 582 1119 619 ergo
1142 571 1250 608 etiam
1274 573 1311 608 in
1338 571 1476 619 fingula
1502 573 1634 609 arteriae
1660 571 1788 622 systole
1814 580 1911 609 artus

323 630 532 668 extenditur
558 658 567 672 ,
602 629 777 680 quamdiu
811 630 1037 679 cartilagines
1067 630 1256 681 epiphyses
1287 630 1481 668 limitantes
1515 631 1709 680 comprimi
1739 629 1907 680 possunt,

324 691 362 728 δε
390 689 424 727 se
453 683 603 727 vicissim
631 689 789 726 dilatare.
840 687 884 727 Et
902 689 984 728 fmis
1012 692 1079 728 erit
1107 691 1342 733 incrementi,
1376 687 1522 740 quando
1548 702 1597 728 eae
1623 689 1847 739 cartilagines
1872 691 1912 727 in

322 751 538 788 tenuitatem
563 749 786 796 chartaceaiii
812 750 1002 792 abierunt,
1038 762 1118 799 quae
1138 761 1261 799 ,porro
1283 762 1359 787 non
1388 748 1495 799 poffit
1519 758 1638 788 artum
1659 748 1864 788 extendere.
1883 741 1893 756 ⁷

385 808 437 848 Ita
466 808 605 858 duplex
638 808 737 846 causa
761 805 983 858 perpetuum
1005 804 1092 847 facit
1119 810 1400 847 incrementum.

384 867 483 906 Hinc
511 874 732 917 perpetuum
761 867 1081 916 cartilagineorum
1107 868 1262 916 piscium
1287 870 1570 907 incrementum.

385 926 485 965 Hinc
510 928 615 965 citius
648 926 814 965 desinunt
841 926 984 965 feminae
1010 926 1177 965 creseere.

385 986 515 1025 Telum
544 997 696 1024 omnem
726 988 894 1036 corporis
919 986 1055 1024 habent
1081 985 1316 1030 molliorem,
1350 987 1472 1036 pulsus
1499 984 1778 1026 numerosiores.
1811 985 1917 1026 Cele-

327 1048 400 1085 rius
421 1045 635 1084 increscunt.
680 1045 798 1085 Citius
828 1057 917 1096 ergo
941 1045 1093 1084 mollior
1119 1045 1292 1096 cartilago
1320 1048 1386 1085 erit
1416 1047 1461 1085 ad
1490 1048 1729 1090 tenuitatem,
1764 1058 1843 1097 quae
1868 1038 1919 1085 e'st

328 1107 477 1149 ultima,
514 1105 670 1144 reducta.

387 1165 559 1204 Pubertas
586 1165 678 1215 ipsa,
719 1178 798 1216 quae
825 1167 983 1203 maxima
1007 1165 1057 1203 est
1081 1168 1119 1204 in
1161 1176 1318 1216 corpore
1359 1166 1523 1206 humano
1554 1178 1676 1205 rerum
1705 1164 1916 1213 conversio,

328 1234 418 1264 tunc
436 1225 664 1275 supervenit,
695 1225 843 1276 quando
871 1226 1007 1264 arteriae
1027 1224 1291 1277 hypogastricae
1311 1225 1364 1276 (f
1375 1229 1391 1273 )
1408 1228 1445 1264 in
1464 1227 1540 1264 fetu
1560 1227 1784 1277 perexiguae,
1803 1224 1921 1282 haete-

332 1298 401 1324 nus
421 1297 506 1323 cum
521 1285 591 1324 suis
616 1286 723 1334 ramis
745 1286 901 1324 evolutae
917 1285 1020 1332 sunt,
1044 1296 1084 1324 ut
1101 1289 1138 1324 in
1163 1287 1307 1324 feminis
1320 1315 1329 1330 ,
1350 1298 1417 1336 per
1433 1294 1553 1336 aperta
1569 1287 1662 1324 uteri
1680 1284 1766 1323 vasa·
1777 1283 1920 1333 sanguis

331 1345 534 1383 menstruus
565 1344 673 1394 poffit
702 1345 880 1384 effluere:
912 1347 951 1383 in
975 1346 1060 1384 viris
1092 1358 1180 1384 vero
1204 1346 1325 1384 semen
1359 1353 1563 1396 generetur.
1599 1342 1687 1384 Eam
1715 1342 1922 1402 conversio-

330 1416 415 1441 nem
440 1404 651 1454 praecedunt
683 1405 720 1441 &
750 1406 973 1442 comitantur
1003 1413 1166 1443 tumores
1191 1405 1449 1454 gianduiarum
1477 1404 1694 1453 conglobati
1718 1404 1860 1453 generis
1881 1404 1920 1440 in

331 1462 432 1500 'collo
448 1491 457 1506 ,
489 1463 572 1506 alis,
603 1464 638 1500 δε
663 1464 894 1512 inguinibus,
927 1463 1042 1512 vulgo·
1064 1465 1145 1501 noti
1172 1467 1230 1510 (g
1252 1473 1284 1507 )‚
1317 1476 1409 1513 quos
1430 1475 1515 1502 cum
1538 1463 1667 1513 sponte
1689 1462 1919 1503 evanescant,

331 1530 438 1572 putes
468 1520 536 1560 effe
556 1534 580 1559 a
607 1522 704 1560 succi
728 1523 868 1560 nutritii
899 1523 1005 1571 copia
1022 1550 1032 1565 ,
1066 1534 1177 1572 quam
1209 1523 1433 1561 diminutum
1459 1525 1728 1560 incrementum
1755 1533 1834 1560 non
1862 1518 1925 1558 ab·

332 1582 451 1619 sumit.

394 1639 478 1678 Post
503 1639 735 1690 pubertatem
760 1642 886 1691 utique
919 1640 1096 1690 exiguum
1133 1641 1211 1684 est,
1245 1640 1346 1692 quod
1375 1641 1541 1692 plerique
1571 1648 1632 1680 aut
1655 1642 1802 1690 juvenes
1835 1638 1925 1678 cres-

334 1707 447 1742 eunt,
479 1708 543 1739 aut
571 1702 679 1739 etiam
705 1700 865 1751 puellae·
856 1730 868 1748 ,
901 1699 945 1739 ab
973 1712 1072 1740 anno
1104 1709 1202 1739 certe
1229 1701 1372 1740 iliarum
1410 1702 1555 1741 decimo
1592 1703 1752 1752 quinto,
1789 1700 1924 1769 homin

337 1760 416 1799 deci
409 1772 483 1798 mo
515 1761 654 1799 octavo

759 1857 791 1900 9.
827 1852 870 1893 X
885 1853 962 1893 IV.
1027 1854 1288 1895 lucrementum
1320 1857 1499 1906 inaqzmle.

393 1974 671 2013 incrementum
700 1974 876 2024 inaequale
911 1974 1035 2014 multis
1072 1975 1192 2014 modis
1226 1975 1290 2021 fit,
1324 1984 1365 2017 ut
1396 1976 1473 2017 aliae
1495 1981 1616 2027 partes
1654 1974 1821 2026 corporis
1848 1972 1923 2014 aliis

336 2034 490 2072 celerius
520 2033 728 2073 increscant.

330 2106 333 2107 ⁷
395 2093 573 2133 Diximus
603 2097 679 2143 (a)
706 2094 817 2144 hepar
845 2095 967 2134 minus
990 2094 1092 2140 fieri,
1124 2098 1302 2146 majorem
1330 2096 1551 2147 pulmonem
1588 2091 1694 2146 (b),
1728 2086 1925 2134 minimum

1838 2149 1921 2201 thy-

528 2267 659 2300 XXVII
690 2279 718 2307 p
742 2269 1127 2310 496.xxvl11.p.121‚

380 2270 451 2306 (s)
475 2271 505 2301 L

378 2309 445 2347 (g)
470 2311 627 2341 Dumna
651 2316 728 2343 tum.
750 2319 847 2351 thogr

378 2351 565 2430 {258
