1955 2732
314 135 384 168 ζηρ-
767 116 861 156 Lm.
889 115 1031 155 XXIX.
1093 116 1120 156 F
1151 117 1178 156 E
1209 118 1242 157 T
1273 118 1307 158 U
1336 119 1367 158 S.

411 226 644 276 Obie-:erunt
670 226 778 264 etiam
801 225 838 262 in
864 223 1065 262 Harveiana
1089 223 1123 268 ο)
1151 224 1322 262 sententia
1349 226 1488 264 causam
1517 226 1584 266 esse
1601 256 1610 271 ,
1646 239 1711 266 cur
1731 234 1855 266 natura

302 285 515 333 sanguinem
537 296 601 333 per
623 283 819 332 peculiares
842 283 911 318 vias
934 280 1098 318 duxerit:
1130 280 1239 318 finem
1260 284 1357 318 enim
1378 283 1567 332 peculiaris
1581 284 1722 322 fabricae
1742 284 1853 328 fuisse,

308 354 354 378 nc
398 343 434 377 in
477 340 695 389 pulmonem
732 339 811 387 plus
860 338 1038 385 sanguinis
1077 339 1281 375 mitteretur
1310 367 1319 379 ‚
1377 351 1486 389 quam
1528 352 1548 376 a
1583 340 1713 377 viscere
1747 341 1855 378 denso

300 399 336 434 &
363 409 456 445 segre
486 396 714 445 permeabiii,
732 393 846 443 poss'et
869 393 1019 431 admitti.
1055 392 1153 430 Hinc
1180 396 1216 431 in
1246 395 1322 432 fetu
1342 423 1352 437 ‚
1392 397 1452 433 cui
1478 395 1619 433 nullum
1646 395 1729 434 esset
1753 397 1856 434 ovale

299 454 464 490 foramen
484 481 493 494 ,
530 451 772 488 ventriculum
795 450 985 492 dextrum,
1009 452 1174 487 arteriam
1191 479 1201 493 ‚
1236 451 1272 487 &
1297 450 1373 487 vasa
1400 450 1608 500 pulmonis,
1641 452 1854 501 amplissimo

299 507 608 547 voluminesuiffe
625 507 667 554 p)
684 535 694 548 ‚
725 508 761 544 &
785 509 823 543 in
847 505 917 544 alio
945 505 1115 556 exemplo
1147 509 1254 543 etiam
1280 514 1439 547 mortem
1460 507 1544 544 inde
1569 507 1727 545 secutam
1742 508 1790 556 q).

327 627 331 631 .
412 589 454 627 {n
473 589 677 628 MERYANA
699 586 894 638 hypothesi
909 590 946 632 r)
969 589 1125 625 omnino
1151 587 1347 625 obscurum
1372 586 1464 631 esse,
1499 588 1587 637 quid
1608 597 1734 627 natura
1753 596 1855 627 tanto

298 657 384 685 cum
412 653 585 694 apparatu
614 644 769 682 veluerit
788 673 797 687 ‚
831 652 872 683 ut
903 646 1027 694 potius
1059 651 1191 682 noceat
1219 644 1280 681 fibi
1301 673 1309 686 ‚
1337 644 1627 694 pulmonemque
1649 673 1659 688 ,
1691 646 1856 695 alioquin

298 715 376 741 non
400 709 584 751 patentem
606 708 712 738 tantae
739 701 919 749 sanguinis
939 702 1080 750 copiae,
1113 712 1214 738 novo
1242 713 1261 738 a
1289 699 1432 738 sinistris
1468 700 1644 743 adducto,
1684 702 1854 750 sanguine

298 760 438 797 obruat.
499 756 544 796 Et
566 769 644 794 eam
671 757 844 795 fabricam
860 785 871 800 ,
903 756 928 794 fi
951 769 1033 795 vera
1055 755 1166 795 essent
1196 768 1276 807 quae
1298 758 1353 795 vir
1376 756 1430 796 Cl.
1458 756 1658 807 producit,
1693 760 1732 796 in
1754 758 1857 796 adul-

297 822 338 854 to
367 815 520 852 homine
547 816 660 862 magis
686 813 914 851 necessariam
943 813 1022 851 fore
1041 812 1084 856 s).

410 894 585 944 Denique
621 895 665 932 ad
700 895 873 932 fabricam
905 894 1135 932 accedebant.
1177 893 1400 937 Manffesto,
1433 894 1575 942 ajebant
1597 923 1606 937 ,
1640 895 1688 932 ita
1715 894 1856 944 depres-

297 951 368 990 sam
392 949 427 999 t)
454 950 522 988 effe
547 951 690 988 ovalem
715 950 841 989 fossam
859 979 868 994 ,
897 959 940 988 ut
962 951 1007 987 ad
1033 951 1159 988 dextra
1183 962 1268 988 cava
1283 978 1293 993 ‚
1326 950 1444 988 versus
1469 950 1602 987 sinistra
1631 963 1650 988 a
1674 950 1854 999 sanguinis

298 1020 343 1046 eo
368 1008 514 1044 nitentis
542 1015 676 1045 conatu
711 1007 848 1056 inpulsa
881 1007 1015 1045 fuerit:
1049 1014 1177 1045 contra
1198 1007 1369 1044 dextrum
1389 1005 1505 1044 smum
1522 1019 1686 1046 convexa
1703 1007 1823 1045 futura
1840 1035 1851 1050 ,

297 1064 322 1102 fi
343 1064 490 1112 sanguis
506 1076 525 1101 a
547 1063 689 1102 sinistris
710 1063 967 1113 impelleretur.
1411 1053 1443 1086 ⁰

408 1144 525 1183 Etiam
557 1145 596 1182 in
625 1144 702 1182 fetu
728 1145 896 1182 foramen
926 1143 1030 1182 ovaie
1055 1156 1075 1183 a
1103 1143 1238 1183 dextris
1270 1143 1404 1181 diutius
1430 1150 1597 1193 apertum
1622 1156 1791 1188 manere,
1811 1144 1856 1182 ad

297 1199 475 1239 sinistrum
507 1203 683 1239 maturius
713 1202 923 1244 obliterari,
957 1200 1100 1250 esseque
1121 1201 1164 1238 ad
1190 1200 1316 1237 dextra
1339 1200 1444 1237 latius
1468 1197 1528 1250 v).
1564 1200 1732 1238 Tubulos
1753 1212 1852 1244 vero,

298 1260 362 1306 qui
389 1258 433 1294 de
465 1258 641 1296 foramine
667 1257 762 1295 ovali
787 1257 998 1307 supersunt,
1031 1259 1069 1295 in
1096 1256 1247 1295 homine
1281 1256 1421 1294 dudum
1452 1264 1540 1293 nato
1558 1284 1569 1298 ,
1603 1256 1647 1294 de
1675 1258 1855 1294 foramine

298 1315 394 1351 ovali
420 1315 622 1363 superstites
641 1343 650 1356 ,
684 1315 732 1351 ita
771 1316 921 1352 conicos
937 1312 987 1362 x)
1012 1312 1105 1357 esse,
1139 1321 1181 1351 ut
1213 1312 1257 1349 ad
1290 1313 1461 1350 dextrum
1493 1311 1610 1350 finum
1640 1313 1778 1361 ampli,
1811 1312 1856 1350 ad

299 1369 477 1407 sinistrum
508 1370 566 1407 vel
590 1370 815 1418 angustiores
827 1372 870 1417 y)
893 1370 961 1408 fint
980 1398 991 1414 ,
1022 1370 1080 1407 vel
1105 1371 1189 1408 caeci
1213 1368 1378 1419 denique.
1437 1368 1669 1416 Argumento
1713 1369 1856 1417 sangui-

299 1438 385 1463 nem
406 1454 415 1469 ‚
448 1438 467 1462 a
491 1425 626 1463 dextris
653 1428 860 1464 venientem
878 1454 888 1469 ‚
922 1437 985 1464 eos
1012 1426 1162 1464 tubulos
1192 1432 1336 1474 apertos
1357 1423 1507 1462 tenuisse
1523 1452 1533 1467 ,
1567 1424 1656 1463 dum
1674 1437 1693 1462 a
1712 1424 1854 1463 finistris

300 1482 391 1519 adeo
419 1494 497 1520 non
516 1482 660 1531 sanguis
683 1483 897 1520 inniteretur
916 1511 927 1526 ‚
956 1490 997 1520 ut
1023 1483 1147 1531 potius
1168 1493 1206 1519 ea
1226 1481 1306 1518 sede
1317 1480 1470 1519 tubulus
1493 1481 1730 1518 conferveret.
1782 1480 1854 1518 Ad-

300 1539 361 1575 das
385 1567 394 1581 ,
424 1538 505 1586 post
527 1540 663 1576 nostras
691 1540 859 1587 repetitas
885 1538 1161 1579 adnotationes,
1195 1537 1318 1574 eadem
1345 1537 1495 1578 ostiola,
1531 1549 1630 1586 pone
1657 1548 1781 1575 arcum
1798 1537 1855 1575 su-

300 1597 482 1643 periorem
509 1593 608 1631 anu-li
634 1594 747 1646 oyalis
775 1596 866 1643 poni
886 1622 895 1637 ‚
929 1595 1213 1642 sanguinemque
1232 1621 1243 1635 ‚
1274 1592 1301 1629 fi
1323 1606 1342 1630 a
1361 1592 1502 1629 finistris
1530 1594 1689 1636 veniret,
1712 1595 1749 1630 in
1770 1605 1855 1632 eum

301 1663 424 1688 arcum
441 1650 638 1688 illisurum:
665 1662 750 1689 cum
775 1662 794 1688 a
819 1650 956 1688 dextris
983 1652 1142 1688 venienti
1171 1650 1280 1687 libera
1307 1655 1482 1698 pateant,
1514 1649 1608 1686 inter
1637 1649 1788 1688 anulum
1816 1650 1855 1687 Sc

301 1707 503 1749 valvulam,
528 1708 758 1745 commercia.
819 1705 937 1744 Etiam
968 1706 1096 1744 adnata
1129 1706 1282 1744 secunda
1306 1718 1325 1742 a
1351 1705 1486 1742 dextris
1512 1704 1652 1744 valvula
1688 1706 1853 1744 foramen

301 1764 404 1801 ovate
427 1763 555 1801 inutile
584 1761 743 1806 fecisset,
776 1761 804 1800 fi
824 1762 967 1812 sanguis
1004 1776 1024 1802 a
1053 1762 1196 1800 sinistris
1229 1760 1398 1804 venisset,
1432 1773 1510 1799 non
1542 1762 1693 1811 perinde
1723 1773 1810 1800 cum
1834 1774 1855 1801 a

301 1820 447 1858 dextris.

414 1898 610 1940 valvulam
628 1898 740 1949 ipsam
762 1900 896 1950 pariter
915 1899 1033 1938 versus
1055 1889 1172 1937 finum
1197 1898 1376 1936 sinistrum
1397 1896 1465 1935 effe
1486 1895 1682 1948 depressam
1699 1889 1765 1946 z).

1740 1968 1853 2008 Nunc

347 2025 376 2058 n)
396 2025 577 2057 Duvsnmv
591 2024 626 2054 11.
643 2034 671 2062 p.
691 2033 759 2060 420.
773 2032 844 2060 421.

340 2066 375 2104 p)
396 2065 572 2096 Vmussuns
588 2067 629 2094 du
642 2076 716 2095 coeur
728 2075 757 2104 p.
774 2074 820 2103 35.

344 2107 376 2145 q)
398 2106 572 2136 Lmunun
587 2105 604 2135 l.
621 2116 644 2135 c.

343 2148 372 2181 r)
394 2147 582 2176 Vani-mrum..
598 2148 695 2176 Lettre
711 2156 739 2182 p.
759 2155 803 2183 34.

344 2188 370 2215 s]
392 2188 786 2217 va.vrsr1zunonv.Lett2-e
806 2195 833 2223 p.
853 2188 880 2215 6.

344 2229 370 2259 t)
393 2227 612 2266 1c.ani2·.vai'v.
631 2227 795 2256 Eusmci-r.
819 2236 861 2254 ιο.
885 2225 1166 2256 Vunnm.1..11.
1183 2235 1211 2263 p.
1230 2233 1298 2262 375.

344 2268 377 2301 v)
402 2267 591 2296 Vnam-„vum
610 2266 678 2296 ibid.
696 2268 721 2296 St
737 2269 832 2297 Lettre
848 2276 875 2304 p.
901 2269 943 2295 16.

305 2345 329 2374 v
342 2309 376 2338 x)
399 2307 578 2337 mmmmm.
599 2305 707 2346 adverfi
728 2309 758 2338 V.
784 2316 812 2344 p.
826 2315 872 2342 24.
887 2305 907 2336 f.
923 2315 950 2342 4.
987 2306 1230 2336 Wurnncwr.
1254 2307 1358 2336 Comm.
1375 2305 1469 2336 Aeaci.
1490 2306 1601 2344 Petrop.
1625 2304 1659 2335 T.
1670 2303 1717 2335 lv,
1734 2314 1765 2343 p.
1781 2308 1849 2341 264.

334 2356 494 2377 sanarum:
514 2357 541 2384 p.
560 2357 625 2384 375.

340 2388 378 2424 y)
399 2388 505 2416 Contra
520 2388 550 2416 in
567 2387 674 2417 sinistro
690 2387 820 2417 latiorem
836 2385 891 2416 esse
903 2387 1027 2417 LxTTu
1043 2388 1138 2418 Mem.
1151 2388 1184 2416 de
1201 2390 1284 2423 1699.
1298 2396 1323 2423 p>
1339 2394 1386 2423 47.

346 2430 379 2465 2)
400 2427 551 2457 Bussmnn
570 2437 598 2465 p.
617 2432 664 2458 62.
