1955 2732
454 134 616 174 SEC'I'.
651 133 725 172 III.
787 131 867 171 SE
899 130 1220 173 CUNDAE.
1549 136 1616 173 181

176 243 405 291 Reae‚ade0
427 243 487 281 lex
501 242 538 288 a)
557 242 756 281 Romam:
784 239 810 277 fi
830 241 875 278 ab
899 240 1033 277 abortu
1048 238 1143 276 fetus
1164 236 1341 275 formatus
1351 235 1388 282 h)
1402 237 1437 274 &
1453 238 1630 275 animatus

66 303 197 353 periit,
229 302 401 351 puniatur
425 307 546 338 morte
572 300 812 349 propinator:
844 298 1044 334 animatum
1065 304 1187 333 autem
1207 294 1322 332 fetum
1351 294 1448 342 leges
1470 293 1528 330 die
1545 306 1632 343 qua-

66 358 268 408 dragefimo
289 357 322 402 c)
344 365 512 407 ponunt,
546 357 583 394 &
606 354 735 392 melius
755 354 814 391 alii
837 359 1083 395 monuerunt,
1116 351 1260 388 nullum
1274 379 1284 394 ‚
1319 352 1412 387 inter
1429 350 1542 387 fetum
1556 352 1633 387 ani·

65 423 232 458 matum,
264 422 326 453 aut
356 416 558 452 exanimem
576 441 585 456 ‚
626 411 818 449 discrimen
844 409 911 449 effe
937 410 986 456 d).
1048 408 1159 447 Recte
1191 408 1240 445 ita
1265 408 1397 457 nuperi
1417 405 1449 451 e)
1471 435 1481 450 ‚
1514 407 1551 444 &
1581 408 1633 445 fe-

65 479 145 510 tum
174 472 315 522 semper
344 473 465 509 vivere
484 499 495 514 ,
528 472 637 507 etiam
661 470 898 505 immaturum
914 465 973 515 f).

175 553 286 591 Reae
310 551 588 590 HmRonus
611 547 977 596 Fronmrmwsg),
1002 548 1045 585 ab
1067 546 1145 597 ipso
1168 545 1399 597 tempusculo
1431 553 1634 597 conceptus

65 611 223 648 animam
245 609 461 647 rationalem
484 607 591 646 inesse
616 606 788 645 defendit.

178 691 334 729 Nullum
358 692 457 729 enim
478 691 677 728 terminum
697 688 806 726 video
822 715 832 731 ,
867 698 979 736 quem
1000 685 1086 734 figas
1111 686 1196 735 post
1217 697 1296 723 eam
1316 683 1537 735 praecipuam
1559 685 1635 721 ani-

64 748 168 786 malis
198 748 403 797 epocham:
429 759 549 797 neque
573 747 622 784 ob
646 746 785 783 cerebri
811 744 1005 782 mollitiem
1041 744 1199 780 animam
1230 743 1269 779 in
1289 742 1531 792 embryonem
1557 751 1636 778 non

64 804 182 844 subire
193 805 359 848 dixerim,
374 816 459 843 cum
479 805 555 852 ejus
570 803 738 841 mollitiei
752 801 792 846 h)
810 800 973 838 infinitos
984 800 1116 849 gradus
1131 799 1248 836 facere
1261 797 1380 848 possis,
1397 798 1433 835 &
1453 809 1539 836 cum
1553 809 1635 834 mo-

65 869 148 900 tum
163 861 404 912 spontaneum
418 863 456 898 in
472 861 575 911 pullo
591 861 715 910 paucis
734 858 861 896 diebus
879 870 898 895 a
919 857 1040 896 cordis
1064 857 1186 905 primo
1211 855 1405 906 conspeetu
1425 855 1577 893 viderim
1592 855 1633 898 i).

179 943 275 981 Ante
302 944 586 993 conceptionem
604 944 643 982 le}
660 943 851 980 hominem
870 941 941 988 jam
964 941 1085 976 vivere
1104 967 1114 980 ,
1147 944 1209 976 aut
1233 939 1270 975 in
1287 936 1511 975 animalculis
1539 935 1636 986 sper-

65 1002 205 1038 maticis
221 1002 378 1038 animam
394 998 462 1038 effe
478 999 519 1042 l),
534 997 681 1037 difficile
692 1000 741 1036 est
754 997 1010 1035 demonstratu.
1051 995 1094 1033 ln
1110 994 1328 1033 animalculo
1342 1002 1439 1033 certe
1456 995 1493 1030 in
1508 995 1635 1031 ovario

67 1057 237 1095 involuto
260 1064 406 1094 motum
429 1056 550 1094 cordis
570 1056 662 1093 adeo
683 1057 861 1104 exiguum
880 1051 1018 1091 neceffe
1037 1052 1087 1089 est
1105 1051 1297 1090 admittere
1310 1080 1319 1094 ‚
1355 1058 1398 1090 ut
1431 1050 1529 1088 nulla
1560 1062 1637 1089 em-

66 1115 216 1164 bryonis
241 1113 299 1151 fiat
333 1112 515 1151 extensio:
547 1120 589 1150 ut
619 1112 846 1161 reliquorum
882 1117 1027 1147 artuum
1057 1109 1291 1158 partiumque
1316 1108 1498 1146 voluntati
1534 1106 1637 1145 obse-

67 1172 259 1221 quentium
285 1169 404 1208 nullus
424 1171 579 1207 omnino
601 1168 683 1206 usus
711 1167 771 1210 fit,
796 1167 1014 1215 nullumque
1038 1165 1204 1203 senqum
1228 1166 1453 1202 exercitium.
1498 1163 1568 1201 Sed
1592 1163 1636 1201 de

65 1226 120 1265 his
144 1227 347 1277 mysteriis,
380 1227 416 1263 &
447 1226 493 1263 de
516 1226 644 1263 animae
670 1224 837 1263 humanae
867 1224 1037 1272 origine,
1083 1220 1236 1271 perinde
1266 1233 1351 1259 cum
1382 1220 1552 1259 GALENO
1583 1220 1635 1265 m)

67 1284 227 1322 abstineo
255 1284 504 1333 pronuntiare.

179 1365 222 1404 In
244 1364 452 1404 universum
474 1363 664 1414 probabile
686 1362 752 1406 fit,
786 1362 822 1399 &
849 1369 938 1399 tunc
960 1360 1118 1397 animam
1142 1357 1251 1397 inesse
1272 1358 1385 1401 fetui,
1420 1358 1569 1409 quando
1581 1370 1636 1396 ar-

68 1428 127 1460 tus
156 1429 262 1460 motu
285 1421 486 1471 spontaneo
517 1422 699 1469 agitantur
720 1448 729 1462 ‚
762 1420 797 1456 &
821 1418 931 1468 paulo
962 1418 1087 1466 prius:
1121 1416 1225 1454 facile
1253 1418 1351 1455 enim
1381 1418 1519 1458 vincas,
1551 1427 1636 1453 eum

71 1486 219 1517 motum
246 1480 283 1517 in
309 1479 469 1528 partibus
494 1476 687 1527 pellucidis
704 1506 713 1519 ‚
746 1475 955 1525 perexiguis
970 1502 979 1516 ,
1011 1485 1091 1511 raro
1113 1472 1192 1510 vifis
1208 1501 1218 1515 ‚
1252 1473 1438 1522 aliquanto
1461 1473 1561 1523 prius
1575 1471 1636 1510 ad-

72 1534 141 1574 effe
157 1563 168 1580 ‚
203 1547 313 1586 quam
339 1534 447 1585 possit
471 1534 588 1572 oculis
613 1533 646 1571 se
670 1533 753 1571 dare
782 1532 1031 1582 conspicuum.

501 1651 535 1692 ἓ.
567 1646 612 1685 Π.
673 1645 776 1683 Fetus
803 1644 990 1682 radicatur
1021 1643 1059 1679 in
1089 1648 1198 1679 utero.

183 1736 330 1788 Exiguo
352 1738 476 1789 aliquo
502 1745 670 1788 ternpore
696 1735 733 1783 a)
753 1748 866 1774 ovum
883 1735 1086 1772 humanum
1113 1735 1152 1770 in
1168 1740 1273 1772 utero
1289 1731 1447 1770 liberum
1470 1730 1537 1770 effe
1560 1743 1636 1770 non

848 1791 882 1830 Z
917 1802 935 1837 3
1525 1800 1635 1837 nega-

112 1855 146 1890 a]
170 1855 258 1892 Jum
277 1855 387 1886 PAnu.

112 1896 146 1931 h]
169 1896 270 1926 Exooz
297 1906 321 1927 c.
343 1906 390 1927 21.

114 1936 144 1971 c]
167 1938 329 1967 CARANZA
343 1945 512 1976 term.part.
527 1948 551 1968 c.
569 1939 613 1966 16.

111 1978 146 2012 d]
172 1977 312 2007 Memmi.
335 1980 488 2008 comment.
513 1981 546 2008 in
571 1979 684 2015 Jusjzaer.
703 1976 777 2014 hipp.
795 1984 823 2014 p.
843 1983 908 2013 147.

115 2017 144 2052 e]
172 2019 403 2049 KALTscnmm.

109 2057 149 2096 s]
173 2059 311 2088 tiranni
332 2060 362 2088 in
386 2059 498 2099 Constit.
515 2060 631 2088 crimin.
649 2060 710 2088 Car.
731 2067 758 2095 p.
774 2062 842 2093 289.
868 2055 912 2085 De
927 2055 1103 2086 animatione
1117 2054 1164 2084 die
1179 2055 1264 2084 tertio
1277 2052 1351 2083 faeta
1365 2054 1440 2082 inter
1461 2050 1592 2081 Fxmum
1609 2052 1636 2080 ὃς

71 2098 244 2129 adversarios
255 2102 403 2130 contentio
415 2101 475 2130 fuit.
504 2100 556 2130 Pro
570 2099 672 2129 Fxmo
690 2098 898 2127 VmcaN‘rlus
915 2096 1076 2126 Rosmws
1089 2095 1214 2125 Divione
1225 2104 1290 2123 ann.
1305 2098 1387 2130 1692.
1401 2093 1504 2122 librum
1519 2091 1626 2129 scriplit

111 2138 145 2177 g]
169 2142 213 2169 De
235 2140 398 2170 bominibus
418 2143 514 2170 dubiis
537 2149 604 2171 ann.
623 2144 708 2176 1658.
734 2138 855 2168 Coactus
871 2137 908 2166 est
925 2137 1094 2174 opinionem
1108 2135 1184 2165 suam
1201 2144 1345 2165 revocare,
1381 2133 1453 2164 Eum
1480 2142 1576 2163 tamen
1597 2132 1637 2162 s*

77 2187 158 2210 cutus
177 2179 216 2208 est
235 2179 341 2209 eoam
363 2182 480 2219 proprio
500 2180 607 2210 libello.

115 2220 150 2255 h]
176 2220 298 2250 Gaium
317 2229 343 2257 p.
367 2228 430 2256 ¹⁹8·

122 2261 149 2295 i]
173 2261 249 2290 Hora
267 2260 638 2299 131.f0rm.dupouletll.
664 2271 692 2300 p.
710 2270 759 2299 49.

114 2301 147 2336 k]
172 2301 310 2331 KAAuw.
325 2304 420 2339 impet.
437 2312 462 2331 ni
480 2311 526 2339 7¹—

123 2342 150 2376 1]
170 2343 368 2372 Supanvxtm
378 2341 477 2382 philos
491 2341 582 2383 trans:
596 2352 624 2373 n.
641 2345 709 2380 456·

117 2382 162 2417 m]
185 2384 280 2413 Form.
293 2382 347 2422 set„

117 2422 151 2458 a]
172 2432 199 2460 p.
225 2427 271 2454 ⁶2.
