1955 2732
636 126 642 142 t

277 152 367 197 ΜΒ
771 143 1395 189 ΑΠΒΕΝΒΑ;

341 249 568 288 Continuam
595 244 710 286 videri
727 246 772 284 ab
803 244 1027 284 animalculis
1058 243 1320 301 simplicissimis
1354 243 1399 283 ad
1420 243 1581 297 polypos
1611 251 1775 288 catenam
1794 248 1879 300 pro*-

279 312 383 360 gredi
414 312 430 358 (
454 310 501 357 v).
610 318 613 319 ’
1551 322 1554 325 ·

339 370 452 409 Nunc
482 381 527 407 ex
557 369 635 405 ovis
651 367 714 405 has
735 365 901 404 bestiolas
919 364 1012 401 nasci
1042 376 1118 401 non
1145 362 1260 402 videri
1287 363 1375 413 (h).
1426 363 1624 403 Neminem
1643 365 1804 405 muscam
1827 370 1878 407 vi-

278 430 386 473 disse,
421 442 531 480 quam
556 440 626 477 pro
655 436 768 464 matre
799 425 928 463 harum
955 426 1188 462 minimarum
1214 426 1473 473 particularum
1502 425 1632 463 habeas
1649 455 1659 468 ,
1693 429 1879 466 neminem

280 503 403 529 ovum.
455 488 592 527 Totam
616 489 697 526 vitae
719 486 899 523 historiam
920 485 1073 523 alienam
1094 481 1164 521 effe
1186 496 1206 522 a
1231 485 1340 534 pullis
1360 485 1395 523 se
1414 485 1667 525 evolventibus
1683 514 1693 529 ,
1727 497 1813 524 cum
1833 497 1880 525 ex

279 550 369 588 statu
398 551 526 599 quietis
551 549 757 585 inmotum
786 544 913 583 sensim
937 543 1197 582 convalescant.

341 609 430 648 Haec
456 609 580 646 omnia
604 608 732 656 utique
761 602 930 643 videntur
961 615 1007 642 eo
1033 604 1166 643 ducere
1183 632 1194 647 ,
1227 610 1270 642 ut
1300 603 1643 654 simplicissimorum
1669 606 1880 644 animalium

278 671 351 710 vita
384 672 421 706 in
455 671 495 706 iis
538 666 620 717 ipsis
642 667 819 716 incipiat,
853 672 915 703 aut
945 667 983 702 vi
1020 663 1183 702 irritabili
1221 675 1285 713 per
1315 664 1541 714 putredinofi
1578 673 1703 704 motus
1737 674 1881 705 certum

279 731 434 780 gradum
464 729 618 766 excitata
632 755 642 769 ,
676 733 738 765 aut
758 738 822 775 per
854 724 1033 762 calorem:
1067 736 1182 774 eaque
1201 725 1416 763 animalcula
1439 732 1518 763 tota
1537 725 1686 764 mobilia
1702 754 1712 769 ‚
1747 726 1881 776 absque

279 792 440 841 partium
467 788 718 829 distinctione,
756 786 926 824 videntur
953 785 1028 822 fere
1054 785 1218 833 gregaria
1246 783 1314 822 effe
1331 815 1339 828 ‚
1376 787 1413 822 &
1431 797 1549 823 amare
1579 787 1618 823 in
1638 798 1826 824 racemum
1843 787 1882 824 δε

278 848 491 900 pelliculam
519 849 642 888 coire,
677 853 718 883 ut
748 852 871 882 tamen
887 844 1052 881 secedere
1078 843 1160 893 ipfis
1182 844 1341 882 liberum
1363 844 1413 883 sit.
1449 843 1502 883 Ut
1532 854 1753 894 generentur
1786 857 1882 883 non-

279 909 371 947 dum
398 907 514 957 liquet
533 936 542 950 ‚
577 917 697 955 neque
728 906 828 942 enim
859 903 1000 941 seceffio
1029 915 1186 946 eorum,
1220 915 1300 952 quae
1337 906 1549 947 coiverant,
1583 917 1665 943 vera
1693 906 1743 943 est
1771 917 1881 954 gene-

279 970 373 1006 ratio
391 979 399 1005 :
431 974 622 1015 utcunque
636 977 725 1004 vero
754 965 788 1002 se
809 963 938 1002 habeat
952 991 961 1006 ‚
996 962 1022 1000 fi
1042 964 1200 1001 omnino
1225 962 1277 1002 sui
1295 963 1408 1002 finnle
1427 971 1626 1014 generant,
1661 964 1706 1002 ad
1724 964 1883 1015 aliquem

280 1028 447 1067 volvocis
477 1026 636 1064 modum
659 1024 704 1062 de
733 1031 847 1062 matre
873 1023 996 1061 credas
1024 1023 1141 1062 fetum
1173 1022 1372 1063 abscedere.

340 1086 481 1137 Magna
509 1094 633 1124 tamen
658 1085 736 1134 spes
763 1085 813 1122 est
843 1096 889 1121 ex
919 1082 1093 1121 Genetos.
1121 1082 1203 1121 Viri
1230 1083 1302 1123 DE
1333 1084 1356 1123 S
1372 1096 1457 1121 nus
1473 1096 1521 1121 su
1537 1096 1591 1122 RE
1618 1085 1879 1134 experimentis

281 1150 454 1197 proxime
479 1146 601 1185 lucem
630 1145 675 1182 ad
694 1144 757 1182 has
787 1144 952 1182 tenebras
982 1143 1210 1182 adfulsuram.
1262 1143 1320 1184 Ex
1347 1143 1458 1183 literis
1486 1145 1559 1193 jam
1584 1145 1745 1188 constat.
1783 1145 1876 1183 Clar.

281 1205 417 1246 Virum
441 1205 656 1244 animalcula
680 1204 852 1242 infusoria
879 1202 1047 1253 reperisse
1073 1203 1139 1241 alia
1160 1204 1205 1241 de
1224 1204 1452 1256 polyporum
1469 1203 1593 1248 elaffe,
1628 1217 1708 1254 quae
1726 1205 1879 1254 perinde

281 1274 423 1317 partem
441 1266 494 1305 sui
511 1263 727 1309 amandent‚
757 1271 799 1302 ut
816 1276 958 1302 novum
979 1263 1112 1302 animal
1131 1264 1317 1304 nascatur:
1351 1264 1417 1303 alia
1438 1265 1614 1313 vivipara‚
1642 1263 1787 1315 qualem
1803 1264 1883 1302 vol-

279 1338 415 1379 vocem
440 1327 601 1365 diximus
626 1339 637 1374 ;
668 1331 712 1364 ut
742 1323 834 1363 nihil
862 1336 909 1362 ex
935 1323 991 1362 his
1021 1323 1171 1375 quidem
1199 1324 1424 1364 animalculis
1460 1322 1599 1363 necesse
1625 1323 1668 1362 sit
1696 1324 1816 1363 nostra
1842 1326 1882 1362 in

287 1386 428 1425 theoria
452 1394 603 1425 mutare.
1511 1419 1514 1421 .

340 1445 446 1484 Num
470 1447 627 1483 omnino
654 1443 787 1492 absque
815 1443 1018 1492 suspicione
1037 1445 1236 1483 ovulorum
1256 1456 1304 1481 ex
1328 1455 1408 1481 aere
1432 1443 1703 1482 advenientium
1735 1444 1886 1482 animal-=

281 1504 364 1544 cula
395 1506 613 1554 gignantur,
648 1502 665 1541 I
690 1515 712 1540 ι)
737 1514 757 1539 ε
779 1514 809 1539 Μ
847 1502 902 1541 Cl.
938 1502 961 1540 S
979 1514 999 1539 ι»
1016 1514 1038 1540 Α
1055 1515 1077 1541 ι
1095 1515 1117 1540 L
1135 1516 1158 1540 A
1175 1515 1198 1539 N
1215 1514 1238 1539 z
1255 1515 1277 1539 Α
1296 1516 1318 1539 Ν
1340 1515 1361 1539 υ
1380 1515 1396 1539 s
1423 1502 1544 1539 multo
1574 1501 1699 1539 labore
1732 1502 1882 1541 definire

282 1565 444 1604 tentavit.
481 1563 523 1601 ld
552 1563 681 1611 utique
708 1561 876 1602 invenit.
911 1562 1019 1597 etiam
1049 1572 1130 1610 quae
1164 1561 1258 1598 bene
1290 1560 1414 1598 clausae
1441 1559 1509 1597 effe
1543 1560 1750 1599 viderentur
1783 1561 1882 1612 lage-

281 1624 377 1663 nulae
391 1651 402 1667 ,
439 1633 531 1672 aqua
556 1633 642 1660 cum
659 1632 767 1661 carne
781 1648 792 1662 ,
825 1631 958 1658 cumve
972 1619 1167 1658 seminibus
1180 1648 1189 1662 ,
1222 1619 1370 1657 decoCla
1390 1619 1506 1669 plenze
1519 1648 1529 1663 ,
1563 1620 1778 1659 animalcula
1797 1634 1822 1671 p
1842 1622 1880 1660 -st

283 1683 425 1733 aliquot
447 1682 523 1720 dies
550 1679 722 1731 genuisse.
757 1678 905 1718 Deinde
930 1678 1109 1727 ejusmodi
1139 1679 1322 1728 lagenulas
1338 1707 1348 1722 ,
1384 1680 1581 1718 hermetice
1601 1708 1611 1723 ,
1647 1688 1689 1719 ut
1715 1689 1850 1721 vocant
1866 1710 1877 1725 .

281 1742 449 1793 figillatas
467 1771 476 1785 ‚
511 1748 634 1779 tamen
660 1738 884 1780 animalculis
916 1738 1090 1777 fecundas
1114 1738 1215 1778 fuisse
1231 1768 1241 1782 ‚
1283 1741 1429 1789 quoties
1458 1739 1618 1779 multum
1645 1742 1734 1777 aeris
1760 1743 1882 1780 conti-

283 1810 422 1841 nerent.
458 1800 557 1840 Cum
589 1807 712 1839 tamen
735 1801 839 1836 variis
869 1810 956 1837 cum
985 1799 1179 1838 seminibus
1206 1799 1392 1837 decostam
1413 1812 1541 1850 aquam
1560 1798 1781 1849 *periculoso
1816 1812 1882 1843 ex-

282 1863 491 1912 perimente
520 1860 643 1899 subito
669 1862 707 1898 in
741 1858 897 1896 calentes
932 1858 1117 1908 lagenulas
1147 1858 1346 1902 effudisset,
1383 1871 1542 1910 cumque
1571 1872 1629 1897 eas
1665 1859 1745 1909 ipso
1784 1863 1879 1900 vitro

283 1922 326 1960 ad
355 1920 541 1958 flammam
565 1919 647 1958 suso
665 1917 905 1968 obfignaffet‚
940 1930 997 1956 eas
1024 1930 1112 1956 vero
1131 1919 1314 1968 lagenulas
1333 1921 1370 1958 in
1399 1933 1490 1970 aqua
1517 1919 1680 1957 fervente
1706 1920 1880 1970 aliquam.

282 1980 347 2019 diu
370 1978 557 2023 tenuisset,
577 1980 669 2017 nihil
694 1990 858 2029 unquam
882 1978 1039 2028 prodiit,
1066 1978 1131 2016 nisi
1151 1978 1247 2017 forte
1265 1981 1399 2017 vitrum
1418 1981 1547 2022 vitium
1571 1978 1813 2028 concepissem
1836 1988 1877 2019 ut

284 2042 441 2079 omnino
459 2047 578 2078 certus
599 2039 715 2082 foret,
749 2038 848 2076 nulla
871 2037 966 2075 nasci
987 2038 1223 2081 animalcula,
1255 2038 1282 2075 fi
1299 2050 1379 2082 aer,
1409 2051 1486 2089 quo
1507 2039 1539 2076 la
1555 2038 1673 2083 genula
1696 2039 1876 2089 repletur,

283 2112 327 2138 ve
348 2101 559 2138 hementem
581 2100 706 2148 ignem
733 2097 848 2147 pass'us
871 2096 963 2137 effer.
1017 2097 1151 2147 Neque
1176 2097 1271 2136 adeo
1303 2104 1409 2148 putat
1439 2097 1506 2136 Vir
1532 2098 1588 2137 cl.
1619 2101 1877 2149 experimentis

283 2158 454 2199 hanenus
477 2161 589 2209 captis
613 2171 695 2197 eam
713 2157 780 2197 effe,
808 2160 883 2196 vim
897 2186 907 2200 ‚
941 2167 983 2197 ut
1004 2160 1152 2196 vincant
1166 2186 1176 2200 ,
1210 2169 1257 2195 ex
1279 2169 1360 2196 aere
1379 2157 1594 2197 animalcula
1612 2158 1874 2208 mici-oscopica

281 2230 362 2261 non
379 2220 573 2258 advenire:
595 2219 699 2258 facile
719 2221 827 2257 etiam
844 2220 882 2257 in
901 2217 1135 2258 excludendo
1156 2229 1236 2256 aere
1257 2220 1400 2269 peccari
1415 2226 1545 2257 monet
1574 2231 1610 2270 p.
1637 2226 1698 2263 83.
1712 2225 1782 2271 34.
1809 2225 1872 2263 85.

1831 2277 1917 2320 Et·

323 2392 387 2431 (a)
406 2403 434 2430 Ρ·
453 2403 502 2429 94-

320 2435 384 2477 ib)
404 2444 436 2474 p,
455 2443 504 2473 9?-
