1955 2732
324 107 401 149 ²⁷43
796 96 890 135 Lm.
927 96 1072 136 XXIX.
1135 97 1163 137 F
1194 98 1221 138 E
1251 99 1284 138 T
1315 99 1351 138 U
1380 99 1412 138 S.

443 211 476 253 ἓ.
508 204 698 245 XXXIII·
759 204 984 254 Aigumcfrta
1010 214 1077 254 pro
1109 206 1259 256 transitu
1289 207 1448 246 alimenti
1469 214 1535 255 per
1557 205 1771 246 umbilicum.

434 297 543 337 Fetus
563 326 573 341 ‚
607 297 671 347 qui
695 296 841 334 fuerunt
872 297 1034 346 acephali
1062 297 1123 341 a),
1154 309 1263 336 oreve
1289 298 1408 336 clauso
1431 297 1469 342 b)
1489 326 1499 341 ‚
1530 310 1612 335 non
1647 304 1853 348 potuerunt
1871 325 1880 341 ‚

319 355 382 393 nifi
413 367 479 405 per
506 355 710 405 placentam
738 354 775 391 δε
801 353 968 392 umbilici
997 354 1074 392 vasa
1106 356 1246 393 nutriri.
1280 355 1392 394 Nunc
1417 354 1444 392 fi
1462 355 1517 392 isti
1535 361 1755 404 potuerunt,
1776 355 1883 405 quid-

319 414 357 450 ni
387 413 424 450 &
449 412 517 449 alii.

434 493 600 531 Maxima
632 492 691 529 illa
731 493 920 541 congestio
953 492 1135 542 sanguinis
1167 495 1205 531 in
1238 501 1385 531 uterum
1410 492 1444 536 c>
1480 494 1698 542 praegnantis
1741 492 1885 529 feminae

320 563 398 587 non
425 550 610 587 videretur
637 549 746 587 finem
770 549 967 599 sapientem
997 549 1163 587 habitura
1182 579 1192 594 ,
1226 549 1291 588 nisi
1313 549 1358 587 de
1384 562 1424 587 en
1451 549 1669 587 abundantia
1692 548 1830 599 aliquid
1845 550 1883 586 in

322 608 441 645 fetum
468 605 638 644 transiret.

435 687 527 726 Non
554 687 792 736 intelligitur,
823 701 887 726 cur
912 689 1108 726 catamenia
1134 688 1225 726 adeo
1251 694 1353 725 certo
1370 687 1432 732 d),
1465 688 1575 726 etiam
1596 689 1718 737 primo
1738 686 1883 730 mense,

323 757 399 795 quo
429 745 523 782 fetus
541 756 668 792 parum
691 744 753 781 fibi
772 745 881 783 sumit
904 746 1089 787 alimenti,
1123 747 1162 782 in
1180 745 1293 793 longe
1315 744 1481 794 plurimis
1502 744 1722 782 feminarum
1744 743 1885 793 suppri-

321 809 469 844 matur,
517 802 580 837 nili
608 810 732 839 uterus
762 803 799 838 &
830 803 868 839 in
898 802 1101 852 placentam
1137 801 1182 840 de
1217 802 1388 850 sanguine
1426 801 1490 840 suo
1530 801 1778 845 transmittit;
1820 798 1886 836 nist

323 859 490 907 inprimis
528 859 575 894 ita
613 858 657 894 ab
685 858 889 897 adhaerente
933 858 1097 909 placenta
1137 858 1258 896 oscula
1291 857 1429 896 menses
1472 856 1660 895 fundentia
1691 857 1885 894 obstruun-

322 921 381 952 tur
400 943 410 957 ,
442 924 484 951 ut
513 913 604 950 nihil
631 927 730 952 nunc
756 918 930 954 emittant.
989 915 1190 953 Accubitus
1222 917 1320 952 enim
1360 916 1534 964 placentae
1561 913 1741 962 sanguinis
1781 912 1887 950 stillas

323 983 401 1009 non
423 970 627 1019 impediret.

439 1051 526 1090 Hoc
553 1059 772 1101 argumento
804 1052 895 1090 olim
925 1053 993 1089 viri
1021 1050 1155 1091 Graeci
1173 1051 1222 1089 ufi
1249 1051 1355 1095 sunt,
1390 1059 1432 1090 ut
1452 1050 1690 1101 cotyledones
1712 1050 1887 1088 humanas

324 1109 414 1147 fines
433 1108 466 1153 e>
501 1109 658 1147 facerent
691 1109 858 1147 vasorum
877 1136 887 1150 ,
920 1120 986 1158 per
1018 1120 1097 1158 qnae
1126 1109 1263 1145 menses
1300 1117 1563 1151 manaverant,
1597 1107 1770 1157 placentae
1799 1119 1887 1146 vero

327 1179 435 1203 venas
463 1168 561 1203 venis
586 1167 677 1204 uteri
696 1194 706 1208 ,
742 1166 886 1204 arterias
908 1167 1003 1204 uteri
1029 1166 1164 1202 arteriis
1172 1163 1205 1213 f
1201 1172 1219 1212 )
1238 1164 1419 1203 adhaerere
1441 1164 1626 1202 docerent.

440 1248 586 1285 Parcior
607 1260 698 1298 aqua
721 1249 833 1285 amnii
856 1248 895 1284 in
920 1247 1071 1284 robusto
1087 1245 1133 1294 g)
1154 1246 1230 1284 fetu
1245 1275 1255 1289 ‚
1281 1247 1317 1283 &
1341 1253 1469 1284 contra
1490 1246 1623 1283 fortior
1640 1244 1792 1283 adhaefio
1813 1246 1889 1294 pla-

328 1312 442 1342 centae
466 1303 512 1352 h)
534 1305 671 1354 aliquid
696 1306 815 1354 potest
844 1304 889 1341 ad
912 1303 1128 1341 suadendam
1153 1304 1530 1341 communicationem
1560 1304 1684 1339 matris
1716 1315 1801 1339 cum
1836 1302 1887 1340 fe-

326 1368 376 1398 tu.
437 1361 590 1399 Exl‘ucci
612 1362 705 1399 fetus
729 1374 814 1400 cum
839 1360 999 1398 exsuccis
1018 1359 1102 1398 vasis
1129 1360 1397 1398 umbilicalibus
1418 1362 1448 1403 i>
1466 1360 1540 1396 huc
1558 1361 1749 1408 pertinent.

733 1477 765 1518 §-
802 1471 993 1511 XXXIV.
1055 1471 1235 1520 propiora
1264 1477 1485 1520 argumenta.

445 1563 636 1601 Contraria
665 1563 814 1613 quidem
842 1563 924 1601 sunt
947 1562 1215 1600 nonnullorum
1231 1591 1241 1605 ‚
1273 1575 1352 1612 qnae
1375 1574 1421 1599 ex
1441 1560 1646 1599 adversariis
1664 1562 1886 1611 repetiimus.

333 1620 476 1670 Nempe
504 1632 568 1669 per
593 1622 713 1657 matris
729 1620 889 1669 'vulnera
922 1626 1100 1668 negarunt
1127 1619 1238 1669 aliqui
1264 1619 1317 1657 Cl.
1339 1620 1407 1656 viri
1430 1619 1546 1656 fetum
1567 1617 1786 1667 exsanguem
1811 1618 1891 1656 red-

333 1677 369 1714 di
389 1706 398 1721 ,
432 1690 498 1714 nos
521 1676 757 1713 affirmamus.
806 1676 857 1713 Ut
880 1678 914 1713 in
943 1677 1045 1713 omni
1074 1683 1196 1713 autem
1228 1678 1481 1725 experimento
1502 1703 1512 1717 ‚
1545 1676 1660 1722 major
1683 1675 1731 1712 est
1760 1677 1811 1712 vis
1831 1675 1890 1712 ad-

334 1734 505 1771 firmantis
523 1734 700 1782 periculi,
731 1746 841 1782 quam
862 1735 1045 1781 negantis,
1065 1744 1149 1770 cum
1173 1731 1353 1770 obstacula
1381 1733 1476 1769 varia
1501 1730 1668 1769 effectum
1689 1732 1890 1769 naturalem

335 1790 465 1840 polluit
498 1792 659 1832 morari,
693 1790 803 1827 causae
843 1790 966 1827 alienae
1001 1801 1084 1826 enm
1118 1801 1289 1827 eventum
1333 1789 1537 1838 producere
1576 1795 1793 1837 nequeant,
1829 1790 1892 1838 qui

335 1860 353 1884 a
380 1848 452 1884 sola
479 1849 636 1896 partium
664 1846 796 1884 fabrica
826 1846 925 1896 sequi
947 1845 1072 1895 potest.

1793 1924 1894 1976 Ergo

381 2017 412 2046 a}
440 2016 467 2044 1..
482 2015 520 2045 X.
539 2025 564 2052 p.
589 2024 654 2050 κει.

380 2059 409 2090 b)
434 2058 537 2086 (10:ssst
563 2059 645 2088 uerit.
663 2057 732 2086 thir.
752 2066 780 2094 p.
799 2064 866 2091 412-

382 2098 410 2133 s)
433 2106 459 2134 p.
483 2106 522 2133 ιγ.
545 2102 598 2126 etc.

380 2139 413 2174 d)
437 2137 490 2166 Etsi
513 2138 589 2166 enim
614 2137 726 2166 femina:
747 2136 846 2174 aliquae
873 2137 995 2174 gravidae
1019 2136 1129 2167 menses
1152 2137 1299 2174 patiuntur
1318 2158 1325 2173 ‚
1361 2135 1432 2165 adeo
1455 2142 1551 2165 tamen
1575 2135 1630 2163 rari
1651 2133 1715 2165 sunt
1734 2134 1834 2170 casus»,
1862 2141 1895 2165 ut

341 2189 391 2216 pro
416 2178 500 2207 nullis
524 2178 619 2207 haberi
642 2177 755 2214 possint.

381 2225 407 2253 e)
431 2219 544 2248 GALEN
573 2220 637 2249 mil.
650 2225 728 2256 part.
748 2218 777 2248 L.
796 2218 859 2248 XV.
878 2228 901 2248 c.
918 2228 943 2252 4.

377 2259 415 2297 s)
439 2259 506 2288 ibid.

381 2302 411 2338 ς’)
435 2310 462 2336 p.
489 2309 554 2331 200.

384 2342 416 2372 h>
440 2351 466 2378 5²-
489 2344 554 2375 2³6.

384 2382 408 2409 i»
431 2382 601 2411 Mixoum.
626 2379 708 2420 Thes
731 2390 796 2411 ann.
817 2390 893 2419 ¹7²⁴
