1955 2732
576 130 1200 175 ADDENDA.
1604 144 1687 177 219

82 226 139 266 vel
171 225 340 267 haetenus
378 226 612 272 decolorem,
646 228 704 267 vel
735 231 840 268 etiam
859 231 1016 270 rubram.
1066 230 1108 270 In
1134 230 1215 274 ista,
1250 230 1276 269 si
1302 229 1441 280 sanguis
1474 232 1523 269 est
1553 231 1683 281 absque

87 289 329 333 membranis,
364 288 473 326 debet
506 290 534 326 is
553 287 748 332 deffluere,
786 290 822 327 δι
844 290 992 337 diduci3
1025 290 1085 328 sed
1122 290 1213 328 nihil
1249 290 1288 328 fit
1320 290 1456 333 simile,
1493 293 1529 329 <Sc
1561 292 1683 330 vaseu-

85 346 163 385 lum
192 349 452 398 primigenium
479 350 619 398 apicem
644 348 780 387 cultelli
809 349 994 399 sequitur,
1026 352 1133 389 nimis
1171 351 1216 388 ad
1235 351 1333 388 idem
1355 351 1591 399 aperiendum
1616 353 1683 389 ob-

87 407 231 449 tusum,
267 409 304 445 &
335 407 409 446 hue
432 407 519 446 illuc
553 407 739 446 diduesium
767 408 801 447 se
831 410 1006 453 restituit,
1043 412 1150 448 etiam
1178 423 1242 459 per
1270 410 1491 448 semilineam
1521 411 1563 447 ad
1590 411 1681 448 latus

86 466 281 505 detrusum.
348 468 459 506 Nunc
499 467 602 505 facile
631 467 806 518 adparet,
840 468 865 506 fi
897 471 1017 507 omnis
1045 469 1176 520 absque
1207 472 1400 519 parietibus
1446 470 1587 519 sanguis
1616 482 1680 519 per

86 527 181 563 viam
207 527 245 563 in
271 526 424 577 pulpam
456 526 670 577 insculptam
696 526 847 571 flueret,
881 541 1070 579 nunquam
1104 529 1314 568 mansurum
1350 530 1430 567 fore
1464 530 1503 568 in
1539 542 1578 567 ea
1604 532 1680 572 via,

86 596 197 634 quam
211 586 342 624 incisor
362 586 535 636 scalpello
559 586 769 630 diduxiss'et,
797 600 877 638 quae
901 589 1027 627 eadem
1052 589 1108 626 via
1132 588 1340 638 scalpellum
1360 602 1438 627 non
1462 590 1582 628 secuta
1599 588 1682 627 fuis-

84 643 156 687 set,
179 657 298 696 neque
317 646 352 684 se
378 645 515 684 dimiffa
541 646 752 685 restituisset.
801 647 938 685 Eadem
953 650 1109 686 omnino
1136 651 1309 687 eveniunt
1336 651 1373 686 in
1393 651 1549 687 minimo
1570 650 1605 686 &
1622 649 1683 686 de-

86 703 213 742 colore
238 705 393 744 vasculo.
449 705 567 744 Omni
595 717 684 756 ergo
713 714 881 757 tempore
906 707 985 746 vasa
1010 709 1237 749 membranas
1264 707 1448 752 habuisse,
1483 709 1595 747 credo
1623 720 1683 746 me

83 763 187 812 posse
215 764 306 803 mihi
337 765 485 804 sumere.

144 823 311 862 Alterum
346 827 639 874 experimentum
666 832 770 864 aceto
791 825 873 865 feci.
922 825 965 864 Id
984 826 1149 865 adfusum
1177 826 1389 876 sanguinem
1417 829 1526 877 nigro
1555 827 1684 866 colore

84 883 196 933 tingit
213 913 221 927 ,
256 883 375 923 subito
401 884 427 922 fi
448 884 613 927 nudum,
647 885 767 929 lente,
803 885 828 923 fi
861 887 1082 924 membranis
1109 885 1296 925 val'culofis
1319 889 1539 925 continetur.
1577 887 1680 936 Saepe

83 954 186 981 nunc
211 943 257 981 ad
287 945 358 982 vias
376 973 385 986 ‚
420 944 538 994 adque
556 944 668 983 lineas
686 946 810 983 rubras
828 938 1017 983 breves&
1046 946 1292 996 imperfeelas.
1328 946 1482 997 detraela
1502 948 1681 985 membra-

86 1002 174 1041 nula
203 1011 348 1042 acetum
366 1003 488 1043 adfudi
503 1033 512 1048 ,
547 1016 667 1055 neque
697 1004 762 1043 nisi
782 1004 860 1043 satis
882 1004 1000 1054 longo
1018 1013 1187 1056 tempore
1207 1005 1325 1056 elapso
1344 1005 1485 1056 sanguis
1500 1036 1509 1051 ‚
1544 1013 1584 1045 ut
1604 1008 1683 1057 qui-

86 1062 169 1100 dem
194 1062 235 1101 fit
259 1066 297 1101 in
324 1063 507 1102 veriffimis
533 1064 641 1108 valis,
674 1066 850 1104 ruborem
876 1067 1071 1103 contraxit.

145 1121 207 1161 De
232 1123 345 1161 corde
369 1122 473 1161 facile
502 1124 638 1163 dedero
654 1153 664 1168 ,
698 1132 844 1174 tempus
869 1123 936 1163 effe
954 1153 963 1168 ,
999 1138 1075 1176 quo
1105 1124 1252 1164 nullum
1276 1126 1471 1175 adpareat3
1503 1138 1582 1177 non
1597 1126 1682 1164 ideo

83 1188 174 1220 tune
200 1183 346 1220 nullum
374 1182 442 1221 effe
462 1183 636 1222 dederim.
671 1183 779 1223 Fetus
805 1186 930 1229 enim,
965 1187 1063 1235 prius
1091 1197 1201 1235 quarn
1233 1184 1412 1235 sanguinis
1434 1188 1547 1225 rubor
1565 1197 1684 1224 acces-

81 1240 165 1279 serit
183 1269 195 1285 ,
227 1242 529 1281 indeterminatos
562 1243 641 1282 satis
671 1243 760 1283 fines
781 1243 891 1283 habet
908 1273 917 1287 ,
952 1252 994 1285 ut
1022 1243 1278 1284 difficillimum
1303 1244 1364 1289 fit,
1399 1247 1476 1294 ejus
1502 1247 1683 1284 ambirum

86 1300 275 1351 detegere,
309 1310 371 1341 aut
397 1302 669 1352 longitudinem
705 1305 833 1343 metiri.
885 1302 931 1343 Et
961 1313 1085 1343 tamen
1115 1306 1154 1342 in
1181 1304 1366 1352 ejusmodi,
1384 1305 1461 1345 fetu
1493 1316 1560 1352 42.
1593 1305 1685 1344 hora

83 1369 204 1411 pute,
239 1374 299 1400 me
329 1363 520 1401 corculum
542 1360 676 1402 vidiffe.
726 1363 947 1415 Adparentia
975 1364 1026 1403 est
1051 1364 1255 1408 tuberculi,
1293 1365 1396 1415 quod
1419 1367 1590 1415 proxime
1620 1364 1686 1404 sub

84 1423 203 1471 eapite
229 1421 275 1459 de
300 1423 447 1471 peciore
475 1434 548 1459 emi
541 1424 622 1461 Qnet

143 1480 234 1518 Non
268 1481 352 1519 dico
381 1480 427 1519 de
455 1483 603 1525 amnio,
636 1494 717 1532 quae
745 1481 791 1521 de
818 1483 936 1522 rostro
963 1485 1091 1534 utique
1111 1482 1328 1522 descendere
1355 1483 1523 1528 videtur,
1560 1486 1597 1524 ἄ
1621 1485 1686 1525 sub

85 1538 234 1589 peirore
259 1539 388 1585 inseri3
420 1539 480 1577 sed
509 1551 554 1577 eo
570 1547 761 1589 tempore,
797 1553 873 1590 quo
900 1553 966 1578 eor
990 1542 1135 1580 nudum
1153 1543 1316 1586 videtur,
1346 1543 1438 1582 hora
1463 1545 1538 1582 fere
1557 1546 1685 1596 utique

88 1604 155 1640 82.
175 1605 318 1637 acetum
336 1598 500 1637 adfusum
518 1599 759 1641 demonstrat,
781 1599 818 1636 &
839 1598 944 1649 supra
961 1611 1026 1637 cor
1044 1600 1334 1639 membranulam
1355 1601 1593 1648 descendere.
1614 1617 1687 1655 qua

82 1660 340 1701 contineatur,
374 1658 411 1695 &
436 1658 528 1696 infra
556 1670 621 1696 cor
640 1659 807 1697 eamdem
826 1660 864 1697 in
892 1658 1098 1698 abdominis
1126 1671 1248 1697 carnes
1275 1662 1490 1700 continuari.
1531 1662 1577 1701 Si
1586 1667 1688 1713 prius

87 1717 229 1756 ostendi
262 1730 342 1755 non
372 1717 492 1767 potest
511 1746 521 1761 ,
554 1718 667 1756 facilis
696 1718 746 1756 est
775 1719 1008 1767 comestura,
1040 1720 1148 1757 nimis
1179 1727 1366 1764 teneram.
1400 1721 1499 1760 nulla
1525 1725 1561 1761 vi
1590 1726 1685 1762 aceti

83 1776 217 1827 fpiffari
241 1776 342 1826 poffe
357 1804 368 1820 ,
403 1785 444 1815 ut
470 1777 505 1815 se
535 1777 710 1817 sustineat.

144 1835 319 1887 Denique
346 1838 556 1876 membrana
580 1838 693 1877 vitelli
712 1867 723 1881 ‚
758 1850 838 1889 quae
866 1840 904 1877 in
930 1838 1006 1878 fetu
1039 1851 1174 1889 corpus
1208 1839 1352 1880 luteum
1383 1844 1548 1880 continet
1566 1871 1577 1886 ‚
1609 1846 1680 1882 uti·

85 1908 158 1946 que
185 1909 231 1934 ex
257 1905 371 1935 matre
388 1910 458 1936 una
480 1897 657 1942 adfertur.
693 1899 731 1936 δε
761 1900 801 1937 in
821 1910 895 1937 ovo
915 1899 1023 1937 sterili
1045 1901 1117 1944 est,
1153 1900 1247 1938 &in
1269 1912 1364 1943 ovo,
1400 1903 1502 1950 cujus
1535 1914 1601 1940 cor
1629 1905 1686 1941 ni-

86 1956 139 1994 hil
155 1955 322 1995 hastenus
348 1958 505 2005 profecit
522 1987 531 2002 ,
567 1971 687 2009 neque
710 1958 783 1998 ulla
812 1958 888 1997 vasa
918 1961 954 1996 in
985 1971 1025 1997 ea
1045 1960 1255 2014 membrana
1282 1960 1431 1999 evolvit.
1479 1960 1607 2000 Manet
1627 1974 1683 2000 ea-

88 2015 174 2053 dem
216 2017 260 2053 ad
287 2017 536 2056 exclufionem
561 2018 672 2069 usque
704 2021 787 2062 ovi.
820 2020 859 2056 in
887 2031 932 2057 eo
962 2019 1144 2058 mutabilis
1166 2048 1176 2062 ,
1212 2020 1315 2070 quod
1341 2020 1455 2058 altero
1486 2020 1543 2059 die
1578 2023 1614 2059 in
1642 2034 1684 2061 ea

89 2075 166 2113 vasa
186 2075 346 2115 subnasci
365 2079 564 2127 incipiant,
599 2091 679 2129 quae
706 2078 859 2129 figuram
885 2078 1055 2118 venosam
1082 2079 1326 2123 constituunt.
1360 2080 1447 2118 inde
1476 2087 1598 2119 totum
1622 2085 1685 2121 ovi

89 2136 269 2173 ambitum
295 2146 502 2186 occupant,
535 2138 728 2189 ipsumque
751 2139 923 2177 albumen
956 2138 1189 2178 obvolvunt:
1223 2139 1287 2178 sub
1319 2140 1447 2179 ultima
1474 2152 1560 2178 vero
1593 2149 1684 2179 tem-

88 2206 182 2246 pora
199 2207 288 2235 eum
317 2196 441 2236 vitello
465 2198 591 2238 eadem
609 2198 643 2237 se
667 2200 705 2237 in
723 2198 907 2238 abdomen
932 2200 1117 2249 recipiunt
1131 2226 1141 2242 ,
1163 2199 1200 2237 ἀ
1219 2199 1392 2250 paulatim
1416 2200 1680 2240 diminuuntur.

977 2339 1110 2386 (ee)
1174 2347 1196 2376 2
1515 2339 1686 2392 21312
