1955 2732
538 117 779 158 SECT.V.
839 115 1184 156 PARTUS.
1561 129 1640 166 405

85 232 232 269 inventa
256 229 295 265 in
326 239 420 277 opus
452 238 577 265 meum
615 216 867 263 transfundere
903 224 1030 265 licuit,
1062 222 1168 261 liceat
1195 229 1317 261 tamen
1345 234 1391 262 ex
1427 226 1503 273 ejus
1531 222 1644 264 literis

84 287 201 336 aliqua
228 284 385 327 addere,
413 296 492 334 quae
521 283 566 321 ad
590 294 668 321 rem
698 282 909 331 praesentem
942 281 1134 330 pertinent.
1180 279 1328 317 Arteriae
1357 293 1530 331 venaeque
1551 285 1646 321 uteri

84 341 309 393 potiffimum
339 342 377 378 iu
404 342 447 378 iis
471 341 579 379 ramis
607 339 829 382 dilatantur,
862 339 926 388 qui
964 337 1084 375 sedem
1120 336 1254 375 adeunt
1278 336 1468 376 adhaesurae
1497 339 1644 388 placen·

85 407 131 437 tae
158 399 379 436 destinatam.

199 478 332 517 Earum
346 488 518 515 venarum
529 476 694 525 plurimae
706 477 743 513 in
759 475 964 525 placentam
982 474 1187 518 transeunt,
1211 475 1247 512 δε
1263 486 1379 525 parvae
1392 504 1402 517 ‚
1420 476 1456 513 ὃς
1475 477 1645 524 majores,

88 533 126 573 ὃς
144 533 294 573 vicissim
318 533 598 571 innumerabiles
614 532 789 572 asteriolae
805 531 1019 580 venulaeque
1039 559 1050 574 ,
1082 543 1210 570 verum
1224 532 1435 581 sanguinem
1452 532 1646 576 vehentes,

86 590 270 629 transeunt
299 591 344 627 ab
368 598 474 627 utero
502 591 543 632 ‚in
573 590 822 626 membranam
863 595 1050 625 externam
1085 587 1332 626 secundarum.
1395 588 1518 634 Quare
1556 589 1648 628 dum

87 649 126 685 in
156 654 261 696 partu
288 646 449 684 secundae
479 646 524 683 de
550 653 656 684 utero
681 645 887 687 decedunt,
918 644 1123 694 superficies
1149 646 1290 682 interna
1312 647 1405 683 uteri
1433 645 1646 694 sanguinem

89 715 155 754 per
185 702 332 740 millena
360 702 487 740 ostiola
514 702 679 740 vasorum
697 703 938 740 laceratorum
964 702 1107 738 amittit.

200 782 341 822 Omnes
367 783 540 832 placentae
569 790 686 832 partes
706 811 715 826 ‚
760 795 839 832 quae
871 783 1002 830 injecto
1031 784 1068 819 in
1104 789 1250 820 uterum
1276 781 1433 820 humore
1458 782 1562 820 facile
1591 795 1648 821 re-

89 839 235 888 plentur
249 868 258 882 ,
296 841 332 876 ὃς
359 851 512 889 quarum
538 840 614 877 vasa
635 840 896 877 continuantur
914 840 958 876 ab
988 840 1080 876 uteri
1096 839 1182 876 valis
1199 867 1209 881 ‚
1243 851 1292 876 eae
1311 841 1349 875 in
1365 840 1548 888 principio
1568 839 1649 877 fue-

89 903 175 933 runt
199 897 349 933 internae
373 897 592 934 membranae
616 899 709 933 uteri
735 896 853 946 aliqua
875 894 973 945 quasi
998 895 1279 938 efflorescentia,
1296 907 1410 944 eaque
1438 896 1648 933 membrana

90 953 128 988 in
154 959 259 1001 partu
277 980 286 994 ‚
319 960 358 989 ut
381 953 419 988 in
445 953 577 990 abortu
594 951 764 994 decedit,
799 953 835 989 Sc
857 952 1028 989 secundas
1060 955 1257 989 comitatur
1272 980 1282 994 ‚
1314 964 1391 989 non
1409 953 1529 989 minus
1549 964 1649 991 nunc

93 1019 216 1046 earum
238 1010 386 1057 portio,
419 1020 528 1058 quam
558 1007 584 1045 fi
615 1021 696 1057 pars
724 1010 786 1046 ovi
811 1009 915 1046 foret.
974 1008 1061 1046 Eam
1094 1017 1258 1057 partem,
1291 1021 1410 1058 neque
1433 1008 1536 1045 aliam
1555 1037 1565 1051 ,
1597 1008 1648 1046 se-

92 1063 313 1106 cundarum,
336 1063 518 1113 replemus
534 1092 544 1107 ‚
570 1064 658 1102 dum
676 1065 870 1102 humorem
895 1066 933 1101 in
955 1072 1101 1103 uterum
1120 1065 1349 1113 impellimus.
1396 1064 1531 1102 Eadem
1559 1077 1648 1102 con·

92 1121 205 1157 stituit
222 1121 490 1163 membranam,
510 1132 589 1168 quae
607 1132 811 1158 convexam
826 1128 965 1170 partem
983 1122 1156 1170 placentae
1175 1121 1351 1159 convestit
1364 1149 1373 1163 ‚
1408 1133 1488 1170 quae
1519 1120 1649 1159 eadem

92 1175 247 1213 millenis
277 1174 374 1224 quafi
403 1174 622 1224 proceffibus
651 1178 688 1213 in
712 1176 916 1225 placentam
944 1177 978 1214 se
1003 1177 1208 1225 demergit,
1242 1178 1276 1213 δε
1306 1189 1392 1215 cum
1422 1178 1497 1224 ejus
1524 1185 1647 1226 parte.

93 1243 202 1280 quam
225 1231 370 1268 fetalem
398 1231 552 1269 dicimus
567 1260 577 1274 ‚
610 1232 882 1270 intermiscetur.
945 1233 1079 1271 Eadem
1101 1234 1149 1270 est
1174 1234 1334 1270 exterior
1365 1232 1482 1271 chorii
1502 1233 1646 1278 lamina,

93 1299 202 1338 quam
217 1287 331 1336 vulgo
351 1289 534 1329 novimus,
566 1287 653 1326 Eam
669 1287 714 1326 G.
734 1288 909 1326 HUNTER
926 1292 1019 1327 uteri
1041 1290 1214 1328 caducam
1234 1289 1304 1327 sive
1325 1289 1516 1326 deciduam
1533 1302 1651 1328 mem-2

94 1345 242 1381 branam
264 1351 397 1387 vocat,
430 1356 583 1394 eamque
607 1343 663 1382 Cl.
695 1346 762 1382 viri
787 1347 939 1384 nomine
970 1345 1132 1384 Londini
1162 1346 1276 1395 vulgo
1300 1345 1508 1394 insigniunt,

206 1422 341 1462 Eadem
367 1426 405 1461 in
430 1426 569 1463 ambitu
596 1425 770 1474 placentae
793 1426 838 1464 de
861 1433 967 1464 utero
992 1427 1137 1465 decedit
1152 1456 1163 1471 ,
1197 1428 1235 1464 &
1259 1439 1373 1464 ovum
1406 1434 1529 1464 totum
1560 1439 1651 1465 con-

94 1491 298 1529 vexamque
315 1480 539 1530 superficiem
568 1481 686 1519 chorii
706 1483 901 1526 obvolvit,
933 1484 1066 1521 eodem
1089 1484 1163 1522 fere
1187 1483 1315 1526 modo,
1339 1490 1381 1521 ut
1406 1483 1651 1532 pericardium

95 1536 216 1574 cordis
236 1536 461 1586 superficiem
484 1537 586 1576 velat.

207 1616 251 1655 In
278 1617 538 1666 posterioribus
568 1620 789 1667 graviditatis
820 1619 1000 1658 menfibus
1030 1620 1109 1657 duae
1134 1619 1275 1657 laminae
1300 1618 1407 1667 hujus
1432 1621 1652 1658 membranae

96 1673 240 1711 caducae
267 1674 442 1711 uniuntur
461 1702 471 1717 ,
510 1675 563 1711 uti
589 1674 629 1712 fit
660 1677 697 1712 in
732 1676 922 1725 pericardii
961 1674 1162 1713 adhaesione
1188 1676 1233 1714 ad
1258 1687 1323 1714 cor
1346 1703 1358 1719 ,
1395 1677 1431 1713 δι
1463 1677 1620 1714 exterius
1636 1705 1650 1721 ,

97 1730 199 1779 quod
226 1738 362 1768 vocant
390 1730 547 1768 chorion
573 1732 807 1770 constituunt.

529 1846 563 1887 §.
594 1841 639 1880 II.
706 1842 755 1880 Ut
783 1844 879 1881 uteri
909 1840 1030 1890 ostium
1064 1850 1229 1881 mutetur.

210 1928 281 1967 Etfi
310 1929 363 1968 Cl.
390 1930 612 1970 Romnum
642 1932 700 1970 die
729 1944 787 1974 ις.
804 1933 842 1970 a*
864 1936 936 1981 Jam
960 1933 1076 1972 fetum
1096 1935 1188 1971 uteri
1212 1935 1392 1971 cervicem
1420 1936 1458 1971 in
1482 1935 1649 1982 vaginam

100 1984 280 2034 depellere
299 1994 412 2036 putat,
427 1995 469 2025 ut
491 1989 623 2026 ostium
637 1990 731 2026 uteri
743 1991 935 2027 'internum
955 1990 1177 2039 aliquantum
1199 1991 1372 2027 exteriori
1391 1999 1524 2028 naturae
1539 1990 1652 2028 aditui

99 2042 253 2090 propius
277 2041 318 2079 fit
338 2042 401 2086 h),
436 2056 512 2081 non
542 2046 651 2083 credo
679 2057 794 2082 ovum
812 2074 822 2088 ‚
855 2058 982 2095 parum
1017 2046 1182 2095 pollicari
1213 2047 1325 2094 majus
1352 2074 1361 2088 ‚
1394 2046 1545 2084 sensibili
1571 2058 1652 2083 mo*

100 2104 229 2134 mento
255 2104 401 2139 uterum
421 2099 608 2138 dimovere
623 2112 635 2147 ς
665 2113 785 2150 neque
812 2101 889 2140 sum
914 2111 1083 2151 expertus
1099 2131 1110 2146 ‚
1143 2114 1228 2140 cum
1264 2109 1449 2140 tentarem-

873 2206 964 2246 Eee
999 2219 1017 2253 3
1410 2211 1415 2216 ’
1490 2206 1651 2256 Oportet

142 2308 176 2342 a)
196 2306 256 2336 Ars
269 2305 402 2346 olfietric.
419 2317 450 2345 p.
461 2317 507 2339 22.
535 2309 639 2339 Coma
655 2309 826 2340 adscendere
843 2320 873 2340 os
890 2312 962 2341 uteri
988 2310 1114 2341 'sunau
1132 2320 1159 2349 p.
1175 2314 1224 2348 76.

142 2346 175 2390 ῥ)
197 2346 265 2376 ibid.
290 2347 449 2378 Nobiscum
470 2349 510 2379 Cl.
535 2350 686 2387 Summa,
701 2361 737 2381 eo
750 2361 880 2389 tempore
900 2351 972 2381 nihil
994 2352 1031 2382 de
1053 2353 1224 2392 graviditate
1241 2360 1279 2382 ex
1294 2352 1371 2382 tadu
1392 2349 1520 2389 dignosci
1535 2352 1644 2383 u.6.f.1.

104 2382 196 2416 Euam
211 2386 380 2418 Renoua
390 2411 400 2424 ,
423 2396 536 2420 uterum
551 2400 611 2421 non
625 2393 764 2422 continuo
780 2392 883 2423 mutari
898 2402 926 2430 p.
942 2401 990 2423 20.
