1955 2732
440 114 701 153 SECIZIV.
762 115 970 153 VITA
1027 113 1300 155 FETUS.
1462 158 1465 161 Ὗ
1561 127 1635 162 3οι

199 220 372 269 Denique
403 222 562 258 maxima
589 221 647 257 illa
680 222 834 258 mutatio
851 250 860 264 ,
895 234 964 271 qua
989 221 1125 270 papilio
1149 234 1194 258 ex
1224 219 1421 269 chrysalide
1446 223 1606 271 erumpit
1626 251 1639 267 ‚

89 289 208 326 exque
242 277 436 325 pigerrima
468 278 562 314 larva
593 277 739 314 volatile
778 278 1036 316 animalculum
1063 277 1182 315 evolat
1202 279 1275 320 m),
1297 278 1330 313 vi
1348 276 1387 314 fit
1404 279 1641 326 expandentis

88 333 178 369 aerIS
198 331 238 375 n)
260 360 270 375 ,
304 345 379 381 quo
409 345 509 370 venae
532 332 744 382 plicatarum
763 335 799 379 ο)
829 334 963 372 alarum
986 334 1210 372 diducuntur
1224 361 1233 375 ,
1266 333 1410 382 alasque
1446 334 1637 382 explicant.

88 386 227 426 Tantus
250 397 371 425 autem
396 389 445 426 est
471 391 577 427 nixus
599 391 688 426 aeris
710 391 746 427 ἅ
771 390 864 428 adeo
902 391 1012 428 velox
1026 392 1093 438 p),
1125 398 1166 429 ut
1186 389 1360 432 subinde,
1392 392 1507 439 ruptis
1536 390 1638 434 vasss,

87 444 126 480 in
151 444 381 493 emphysema
405 446 515 482 abeat.

202 524 333 562 Cordis
360 528 514 564 mutatio
539 555 550 569 ,
591 526 710 575 aliqua
744 533 842 563 certe
877 538 923 563 ex
952 534 1077 575 parte,
1121 525 1166 563 ad
1191 525 1444 575 expanfionem
1471 528 1638 575 pertinet.

87 579 264 618 Primaevo
288 580 417 628 pullo,
455 583 490 618 &
516 582 651 630 procul
678 582 792 619 dubio
828 583 935 619 etiam
965 582 1192 631 quadrupedi
1221 610 1231 624 ,
1276 581 1397 619 cordis
1435 584 1564 620 unicus
1593 583 1644 619 est

89 636 334 679 ventriculus,
365 639 427 686 qui
453 638 564 675 solam
596 645 736 675 aortam
762 638 904 676 videtur
934 639 1159 688 producere:
1190 639 1346 680 unicus,
1378 640 1527 687 inquam
1547 667 1556 680 ,
1589 640 1644 675 vi-

87 691 192 729 detur
210 720 220 734 ,
253 703 338 729 cum
364 693 489 730 dexter
515 694 685 731 ha&enus
707 696 880 732 minimus
903 695 1032 737 lateat,
1068 696 1105 731 &
1132 694 1274 742 sanguis
1302 702 1400 732 tanta
1425 694 1600 733 facilitate
1623 707 1642 732 a

85 759 178 785 vena
198 760 282 786 cava
305 750 342 785 in
365 749 536 787 finiltram
557 751 754 788 auriculam
777 750 949 794 transeat,
967 759 1010 788 ut
1032 751 1204 789 dextrum
1221 750 1465 788 ventriculum
1485 752 1547 788 vix
1565 757 1643 788 tan-

87 813 157 852 gat.
219 803 317 842 Hinc
341 807 447 843 unica
466 806 611 844 videtur
633 808 727 844 auris
746 806 813 844 effe
829 809 876 854 q).

200 883 296 930 Quia
325 899 410 923 vero
439 887 569 925 canalis
591 888 798 925 auricularis
822 889 855 925 se
881 890 973 926 inter
1003 888 1123 926 cordis
1138 887 1175 931 r)
1195 900 1319 925 carnes
1349 888 1505 936 recipit,
1533 895 1644 936 atque

87 940 178 978 adeo
205 942 372 980 auriculae
395 944 531 981 dextrae
554 944 751 991 longitudo
772 945 952 982 continuo
973 946 1152 982 minuitur
1167 973 1179 988 ‚
1211 946 1319 981 etiam
1348 943 1535 980 foraminis
1557 955 1642 980 ova-

85 996 128 1033 lis
156 998 287 1035 ostium
313 997 437 1036 sensim
460 1001 587 1038 arffius
612 999 674 1043 fit,
709 1001 904 1050 minorque
928 1013 1009 1051 pars
1035 1001 1214 1050 sanguinis
1238 1012 1284 1037 ex
1306 1011 1396 1037 vena
1421 1011 1505 1037 cava
1521 998 1644 1049 perid

88 1053 208 1103 ipsum
245 1054 376 1092 transit.

200 1133 347 1179 Qiare,
382 1147 466 1172 cum
493 1135 700 1184 sanguinis,
735 1150 755 1174 a
776 1149 866 1175 vena
894 1149 979 1175 cava
1001 1137 1227 1174 advenientis
1243 1165 1253 1180 ,
1282 1137 1404 1174 minor
1432 1149 1531 1174 nunc
1556 1149 1642 1186 por-

85 1191 139 1227 tio
157 1218 166 1232 ,
198 1202 263 1239 per
289 1191 454 1227 foramen
485 1192 588 1228 ovaie
614 1221 623 1235 ‚
673 1197 858 1231 amittatur
886 1222 896 1236 ,
944 1194 1060 1241 major
1087 1196 1187 1231 venit
1220 1194 1257 1230 in
1287 1193 1531 1230 ventriculum
1554 1193 1641 1230 dcx-

84 1252 182 1283 trum
200 1274 210 1288 ‚
242 1258 401 1295 eumque
427 1247 551 1285 dilatat
572 1276 582 1291 ‚
616 1256 657 1286 ut
676 1249 766 1287 hora
793 1257 846 1295 96
869 1251 902 1294 s)
926 1249 1088 1299 conspici
1115 1250 1292 1300 incipiat,
1325 1249 1414 1287 hora
1439 1261 1526 1286 vero
1550 1255 1635 1292 108·

85 1302 262 1351 perfecffus
285 1301 327 1340 fit
346 1305 387 1346 t).

198 1382 289 1420 Inde
306 1385 438 1421 iterum
463 1383 622 1434 [equitur
643 1414 653 1428 ‚
685 1392 727 1423 ut
751 1386 879 1423 arteria
903 1386 1124 1435 pulmonalis
1153 1387 1234 1435 plus
1255 1387 1436 1434 sanguinis
1455 1388 1610 1435 accipiat
1630 1415 1640 1429 ‚

85 1439 123 1476 &
143 1439 295 1488 pulmo,
328 1442 392 1488 qui
415 1441 502 1477 hora
528 1448 613 1485 138.
639 1442 758 1480 adhuc
781 1444 953 1480 minimus
969 1442 1032 1485 v),
1067 1443 1103 1479 ἃ
1127 1443 1200 1480 fere
1232 1455 1279 1479 10
1295 1440 1345 1491 x)
1368 1442 1640 1480 centesimarum

89 1495 164 1537 est,
196 1508 296 1533 nunc
326 1496 370 1532 ab
401 1498 527 1534 arteria
554 1498 756 1546 pulmonali
787 1500 947 1536 uberiori
972 1499 1144 1548 sanguine
1168 1498 1301 1536 ditatus
1322 1526 1332 1540 ,
1366 1501 1459 1535 intra
1484 1507 1642 1548 quatuor

38 1580 47 1588 .
86 1550 160 1588 dies
170 1552 212 1598 y)
233 1551 277 1588 ad
300 1552 449 1601 duplam
474 1552 755 1601 longitudinem
770 1582 780 1597 ,
814 1555 1042 1604 octuplamve
1070 1555 1209 1592 molem
1224 1583 1234 1597 ‚
1267 1549 1446 1592 dilatetur.

196 1631 287 1670 Non
321 1632 400 1670 satis
433 1635 552 1677 novi,
603 1636 693 1673 num
733 1635 799 1672 alia
833 1635 933 1673 causa
970 1635 1274 1673 conformationis
1304 1636 1348 1673 ad
1384 1634 1643 1684 expanfionem

62 1693 65 1696 “
85 1690 264 1738 pertineat
281 1717 290 1731 ,
324 1696 365 1727 ut
386 1697 483 1727 certe
510 1690 710 1729 secundum
734 1700 894 1740 receptas
919 1693 1113 1740 opiniones
1141 1694 1307 1740 pertinet.
1370 1691 1477 1729 Artus
1503 1704 1638 1741 nempe

87 1744 237 1796 quisque
250 1773 261 1788 ,
287 1757 363 1795 quo
390 1747 471 1795 quis
498 1746 723 1797 frequentius
747 1749 862 1787 utitur
880 1776 890 1790 ,
914 1747 1062 1785 demum
1078 1747 1232 1786 musculi
1253 1747 1447 1796 fingulares
1461 1776 1471 1790 ,
1490 1749 1554 1797 qui
1573 1748 1642 1786 fre-

869 1803 896 1842 P
916 1815 941 1853 p
976 1814 993 1848 3
1489 1812 1642 1853 quenter

124 1918 168 1948 ml
180 1918 421 1949 Swnunnnnmr
436 1923 501 1951 bibl.
516 1931 544 1959 p.
561 1930 628 1957 425.
648 1927 712 1958 589-
728 1931 793 1958 592.
810 1931 875 1959 593.
888 1926 956 1959 683.
996 1923 1168 1953 LYONNET.
1187 1922 1300 1952 cheniae
1319 1932 1347 1960 p.
1368 1928 1412 1958 18,
1448 1922 1524 1954 Nam
1554 1923 1641 1953 etiam

86 1957 220 1997 chry-salis
244 1959 383 1997 papilioni
405 1971 457 1999 pro
484 1962 561 1992 veste
586 1963 625 1993 est
645 1965 899 1994 SWAMMERDAM.
918 1965 1122 2001 bloedelcliertj
1134 1963 1168 1994 ll.
1189 1972 1217 2000 p.
1234 1973 1282 2000 47.

125 2004 160 2035 n)
185 2000 323 2043 Gfion³301
342 2010 369 2037 p.
391 2011 436 2037 31-
457 2003 698 2032 Swmmamn
722 2013 748 2040 p.
769 2012 834 2041 447.
862 2010 927 2040 589.

126 2039 156 2074 ο)
177 2039 210 2068 ln
223 2039 390 2070 hemerobio
406 2042 657 2073 SwsanannAm.
669 2045 736 2074 bibl.
753 2053 781 2081 p.
800 2049 867 2081 256.
882 2054 949 2081 259.
976 2044 1006 2073 in
1022 2043 1169 2082 papilione
1185 2053 1213 2081 P·
1234 2048 1298 2080 589-

122 2081 157 2118 Ρ)
180 2079 262 2108 lumi
280 2090 307 2117 p.
329 2090 394 2117 259.
410 2088 474 2117 (89.

127 2121 158 2194 q}
181 2122 276 2188 lFl'orm.
295 2122 335 2189 ιέιι
348 2123 442 2158 poulet
451 2125 493 2153 ΙΙ.
514 2133 541 2160 p.
558 2132 603 2161 70.
618 2134 666 2161 7¹.

128 2170 144 2188 r
209 2182 213 2186 .
233 2170 260 2196 p.
278 2170 293 2196 7
318 2184 323 2189 .
340 2170 386 2198 77.

127 2200 155 2275 s}
177 2199 244 2269 gigls'.
266 2210 329 2230 101.
358 2202 474 2239 Corxige
489 2202 570 2235 T.11.
591 2213 618 2242 p.
636 2214 682 2242 79.
701 2204 750 2235 ubi
766 2204 834 2234 hora
850 2205 953 2235 dicitur
972 2214 1035 2241 144·

127 2248 143 2268 τ
241 2263 246 2269 .
270 2251 334 2269 rio.

128 2282 161 2315 v)
184 2280 238 2309 Vix
258 2280 429 2318 conspicuus
445 2283 503 2313 obs.
522 2292 586 2321 133.

127 2322 161 2354 x)
183 2319 217 2349 Et
231 2320 299 2350 hora
317 2332 380 2357 144.
398 2323 455 2352 obs.
474 2334 536 2359 144.

123 2359 160 2396 J)
183 2360 258 2390 Hora
273 2366 340 2397 246.
357 2363 395 2392 eil
411 2373 457 2400 24·
474 2371 549 2394 cent.
567 2364 624 2394 five
639 2364 728 2402 duplo
743 2367 843 2401 major.
