<?xml version="1.0" encoding="UTF-8"?>
<!DOCTYPE html PUBLIC "-//W3C//DTD XHTML 1.0 Transitional//EN"
    "http://www.w3.org/TR/xhtml1/DTD/xhtml1-transitional.dtd">
<html xmlns="http://www.w3.org/1999/xhtml" xml:lang="en" lang="en">
 <head>
  <title>
</title>
<meta http-equiv="Content-Type" content="text/html;charset=utf-8" />
  <meta name='ocr-system' content='tesseract 3.04.00' />
  <meta name='ocr-capabilities' content='ocr_page ocr_carea ocr_par ocr_line ocrx_word'/>
</head>
<body>
  <div class='ocr_page' id='page_1' title='image "./elementaphysiolo08hall_0423.png"; bbox 0 0 1955 2732; ppageno 0'>
   <div class='ocr_carea' id='block_1_1' title="bbox 419 119 1631 175">
    <p class='ocr_par' dir='ltr' id='par_1_1' title="bbox 419 119 1631 175">
     <span class='ocr_line' id='line_1_1' title="bbox 419 119 1631 175; baseline 0.005 -15"><span class='ocrx_word' id='word_1_1' title='bbox 419 119 1287 168; x_wconf 62' lang='lat' dir='ltr'>SECTJV.V1TAFETUS.</span> <span class='ocrx_word' id='word_1_2' title='bbox 1557 139 1631 175; x_wconf 55' lang='grc' dir='ltr'>,ποῖ</span> 
     </span>
    </p>
   </div>
   <div class='ocr_carea' id='block_1_2' title="bbox 306 228 1411 280">
    <p class='ocr_par' dir='ltr' id='par_1_2' title="bbox 306 228 1411 280">
     <span class='ocr_line' id='line_1_2' title="bbox 306 228 1411 280; baseline 0.003 -13"><span class='ocrx_word' id='word_1_3' title='bbox 306 231 339 275; x_wconf 75' lang='lat' dir='ltr'>S.</span> <span class='ocrx_word' id='word_1_4' title='bbox 372 228 449 268; x_wconf 88' lang='lat' dir='ltr'><strong>LII.</strong></span> <span class='ocrx_word' id='word_1_5' title='bbox 513 229 586 267; x_wconf 86' lang='lat' dir='ltr'>Cur</span> <span class='ocrx_word' id='word_1_6' title='bbox 616 232 753 268; x_wconf 78' lang='lat' dir='ltr'>arteria</span> <span class='ocrx_word' id='word_1_7' title='bbox 776 229 991 278; x_wconf 80' lang='lat' dir='ltr'>pulmonalis</span> <span class='ocrx_word' id='word_1_8' title='bbox 1021 232 1059 267; x_wconf 85' lang='lat' dir='ltr'>in</span> <span class='ocrx_word' id='word_1_9' title='bbox 1080 229 1162 280; x_wconf 80' lang='lat' dir='ltr'>fetu</span> <span class='ocrx_word' id='word_1_10' title='bbox 1191 232 1307 279; x_wconf 82' lang='lat' dir='ltr'>major</span> <span class='ocrx_word' id='word_1_11' title='bbox 1327 231 1376 280; x_wconf 75' lang='lat' dir='ltr'>fit</span> <span class='ocrx_word' id='word_1_12' title='bbox 1392 234 1411 270; x_wconf 71' lang='lat'>,9</span> 
     </span>
    </p>
   </div>
   <div class='ocr_carea' id='block_1_3' title="bbox 81 318 1634 542">
    <p class='ocr_par' dir='ltr' id='par_1_3' title="bbox 81 318 1634 542">
     <span class='ocr_line' id='line_1_3' title="bbox 194 318 1632 364; baseline 0.006 -9"><span class='ocrx_word' id='word_1_13' title='bbox 194 318 284 356; x_wconf 83' lang='lat' dir='ltr'>Satis</span> <span class='ocrx_word' id='word_1_14' title='bbox 311 320 402 357; x_wconf 88' lang='lat' dir='ltr'>mihi</span> <span class='ocrx_word' id='word_1_15' title='bbox 429 321 667 358; x_wconf 84' lang='lat' dir='ltr'>constitutum</span> <span class='ocrx_word' id='word_1_16' title='bbox 690 320 855 364; x_wconf 83' lang='lat' dir='ltr'>videtur,</span> <span class='ocrx_word' id='word_1_17' title='bbox 889 323 981 360; x_wconf 71' lang='lat' dir='ltr'>reste</span> <span class='ocrx_word' id='word_1_18' title='bbox 1005 321 1207 359; x_wconf 73' lang='lat' dir='ltr'>GALENUM</span> <span class='ocrx_word' id='word_1_19' title='bbox 1227 323 1263 359; x_wconf 67' lang='grc' dir='ltr'>ἀ</span> <span class='ocrx_word' id='word_1_20' title='bbox 1286 322 1510 361; x_wconf 75' lang='lat' dir='ltr'>HARvmnm</span> <span class='ocrx_word' id='word_1_21' title='bbox 1537 325 1632 363; x_wconf 68' lang='lat' dir='ltr'>fora-</span> 
     </span>
     <span class='ocr_line' id='line_1_4' title="bbox 81 376 1632 429; baseline 0.005 -18"><span class='ocrx_word' id='word_1_22' title='bbox 81 386 169 412; x_wconf 88' lang='lat' dir='ltr'>men</span> <span class='ocrx_word' id='word_1_23' title='bbox 191 376 294 414; x_wconf 89' lang='lat' dir='ltr'>ovale</span> <span class='ocrx_word' id='word_1_24' title='bbox 322 376 486 415; x_wconf 83' lang='lat' dir='ltr'>dicavisse</span> <span class='ocrx_word' id='word_1_25' title='bbox 511 377 670 415; x_wconf 74' lang='lat' dir='ltr'>transitui</span> <span class='ocrx_word' id='word_1_26' title='bbox 692 378 873 426; x_wconf 85' lang='lat' dir='ltr'>sanguinis</span> <span class='ocrx_word' id='word_1_27' title='bbox 900 391 919 415; x_wconf 90' lang='lat' dir='ltr'>a</span> <span class='ocrx_word' id='word_1_28' title='bbox 953 379 1088 417; x_wconf 82' lang='lat' dir='ltr'>dextris</span> <span class='ocrx_word' id='word_1_29' title='bbox 1119 379 1163 416; x_wconf 88' lang='lat' dir='ltr'>ad</span> <span class='ocrx_word' id='word_1_30' title='bbox 1187 378 1328 416; x_wconf 79' lang='lat' dir='ltr'>sinistra.</span> <span class='ocrx_word' id='word_1_31' title='bbox 1392 378 1480 417; x_wconf 89' lang='lat' dir='ltr'>Non</span> <span class='ocrx_word' id='word_1_32' title='bbox 1512 384 1632 429; x_wconf 85' lang='lat' dir='ltr'>perin-</span> 
     </span>
     <span class='ocr_line' id='line_1_5' title="bbox 82 429 1634 484; baseline 0.006 -17"><span class='ocrx_word' id='word_1_33' title='bbox 82 429 150 473; x_wconf 87' lang='lat' dir='ltr'>de,</span> <span class='ocrx_word' id='word_1_34' title='bbox 182 431 321 475; x_wconf 82' lang='lat' dir='ltr'>fateor,</span> <span class='ocrx_word' id='word_1_35' title='bbox 353 433 445 470; x_wconf 86' lang='lat' dir='ltr'>mihi</span> <span class='ocrx_word' id='word_1_36' title='bbox 466 433 712 471; x_wconf 86' lang='lat' dir='ltr'>satisfecerunt</span> <span class='ocrx_word' id='word_1_37' title='bbox 737 434 790 472; x_wconf 84' lang='lat' dir='ltr'>Cl.</span> <span class='ocrx_word' id='word_1_38' title='bbox 823 435 914 477; x_wconf 82' lang='lat' dir='ltr'>viri,</span> <span class='ocrx_word' id='word_1_39' title='bbox 948 435 1096 484; x_wconf 87' lang='lat' dir='ltr'>quando</span> <span class='ocrx_word' id='word_1_40' title='bbox 1124 437 1305 473; x_wconf 85' lang='lat' dir='ltr'>rationem</span> <span class='ocrx_word' id='word_1_41' title='bbox 1333 436 1485 474; x_wconf 85' lang='lat' dir='ltr'>reddere</span> <span class='ocrx_word' id='word_1_42' title='bbox 1507 438 1634 476; x_wconf 77' lang='lat' dir='ltr'>volue-</span> 
     </span>
     <span class='ocr_line' id='line_1_6' title="bbox 81 487 1530 542; baseline 0.005 -19"><span class='ocrx_word' id='word_1_43' title='bbox 81 494 167 525; x_wconf 89' lang='lat' dir='ltr'>runt</span> <span class='ocrx_word' id='word_1_44' title='bbox 186 487 423 532; x_wconf 78' lang='lat' dir='ltr'>discriminis,</span> <span class='ocrx_word' id='word_1_45' title='bbox 458 502 534 539; x_wconf 90' lang='lat' dir='ltr'>quo</span> <span class='ocrx_word' id='word_1_46' title='bbox 561 491 687 529; x_wconf 83' lang='lat' dir='ltr'>arteria</span> <span class='ocrx_word' id='word_1_47' title='bbox 713 490 933 539; x_wconf 81' lang='lat' dir='ltr'>pulmonalis</span> <span class='ocrx_word' id='word_1_48' title='bbox 958 493 996 528; x_wconf 86' lang='lat' dir='ltr'>&#39;m</span> <span class='ocrx_word' id='word_1_49' title='bbox 1015 492 1092 529; x_wconf 88' lang='lat' dir='ltr'>fetu</span> <span class='ocrx_word' id='word_1_50' title='bbox 1116 492 1194 529; x_wconf 88' lang='lat' dir='ltr'>solo</span> <span class='ocrx_word' id='word_1_51' title='bbox 1220 499 1359 530; x_wconf 85' lang='lat' dir='ltr'>aortam</span> <span class='ocrx_word' id='word_1_52' title='bbox 1381 492 1530 542; x_wconf 88' lang='lat' dir='ltr'>superat.</span> 
     </span>
    </p>
   </div>
   <div class='ocr_carea' id='block_1_4' title="bbox 76 568 1631 1230">
    <p class='ocr_par' dir='ltr' id='par_1_4' title="bbox 76 568 1631 1230">
     <span class='ocr_line' id='line_1_7' title="bbox 193 568 1631 624; baseline 0.005 -18"><span class='ocrx_word' id='word_1_53' title='bbox 193 568 341 607; x_wconf 86' lang='lat' dir='ltr'>Ponunt</span> <span class='ocrx_word' id='word_1_54' title='bbox 362 571 400 607; x_wconf 86' lang='lat' dir='ltr'>in</span> <span class='ocrx_word' id='word_1_55' title='bbox 423 571 630 609; x_wconf 85' lang='lat' dir='ltr'>universum</span> <span class='ocrx_word' id='word_1_56' title='bbox 654 571 834 620; x_wconf 85' lang='lat' dir='ltr'>sanguinis</span> <span class='ocrx_word' id='word_1_57' title='bbox 860 583 960 609; x_wconf 82' lang='lat' dir='ltr'>venae</span> <span class='ocrx_word' id='word_1_58' title='bbox 980 584 1074 610; x_wconf 81' lang='lat' dir='ltr'>cavae</span> <span class='ocrx_word' id='word_1_59' title='bbox 1095 579 1254 621; x_wconf 85' lang='lat' dir='ltr'>partem,</span> <span class='ocrx_word' id='word_1_60' title='bbox 1282 573 1356 611; x_wconf 89' lang='lat' dir='ltr'>fere</span> <span class='ocrx_word' id='word_1_61' title='bbox 1380 575 1522 611; x_wconf 86' lang='lat' dir='ltr'>tertiam</span> <span class='ocrx_word' id='word_1_62' title='bbox 1536 603 1545 617; x_wconf 93' lang='lat'><em>,</em></span> <span class='ocrx_word' id='word_1_63' title='bbox 1566 587 1631 624; x_wconf 84' lang='lat' dir='ltr'>pet</span> 
     </span>
     <span class='ocr_line' id='line_1_8' title="bbox 80 621 1630 681; baseline 0.006 -21"><span class='ocrx_word' id='word_1_64' title='bbox 80 622 246 662; x_wconf 88' lang='lat' dir='ltr'>foramen</span> <span class='ocrx_word' id='word_1_65' title='bbox 272 627 375 663; x_wconf 86' lang='lat' dir='ltr'>ovale</span> <span class='ocrx_word' id='word_1_66' title='bbox 397 621 555 665; x_wconf 81' lang='lat' dir='ltr'>transire.</span> <span class='ocrx_word' id='word_1_67' title='bbox 598 627 798 677; x_wconf 84' lang='lat' dir='ltr'>Reliquum</span> <span class='ocrx_word' id='word_1_68' title='bbox 830 628 1041 677; x_wconf 85' lang='lat' dir='ltr'>sanguinem</span> <span class='ocrx_word' id='word_1_69' title='bbox 1068 630 1143 676; x_wconf 87' lang='lat' dir='ltr'>ejus</span> <span class='ocrx_word' id='word_1_70' title='bbox 1168 641 1267 666; x_wconf 81' lang='lat' dir='ltr'>venae</span> <span class='ocrx_word' id='word_1_71' title='bbox 1291 631 1328 666; x_wconf 90' lang='lat' dir='ltr'>in</span> <span class='ocrx_word' id='word_1_72' title='bbox 1354 632 1519 668; x_wconf 87' lang='lat' dir='ltr'>arteriam</span> <span class='ocrx_word' id='word_1_73' title='bbox 1548 631 1630 681; x_wconf 86' lang='lat' dir='ltr'>pul-</span> 
     </span>
     <span class='ocr_line' id='line_1_9' title="bbox 79 681 1630 736; baseline 0.006 -20"><span class='ocrx_word' id='word_1_74' title='bbox 79 681 264 719; x_wconf 80' lang='lat' dir='ltr'>monalem</span> <span class='ocrx_word' id='word_1_75' title='bbox 291 684 414 720; x_wconf 86' lang='lat' dir='ltr'>venire</span> <span class='ocrx_word' id='word_1_76' title='bbox 444 684 603 727; x_wconf 84' lang='lat' dir='ltr'>docent,</span> <span class='ocrx_word' id='word_1_77' title='bbox 639 686 674 721; x_wconf 65' lang='grc' dir='ltr'>ὃς</span> <span class='ocrx_word' id='word_1_78' title='bbox 701 686 833 722; x_wconf 84' lang='lat' dir='ltr'>iterum</span> <span class='ocrx_word' id='word_1_79' title='bbox 859 687 1001 723; x_wconf 84' lang='lat' dir='ltr'>tertiam</span> <span class='ocrx_word' id='word_1_80' title='bbox 1025 693 1177 733; x_wconf 79' lang='lat' dir='ltr'>partem,</span> <span class='ocrx_word' id='word_1_81' title='bbox 1191 685 1236 723; x_wconf 90' lang='lat' dir='ltr'>de</span> <span class='ocrx_word' id='word_1_82' title='bbox 1266 698 1310 723; x_wconf 90' lang='lat' dir='ltr'>eo</span> <span class='ocrx_word' id='word_1_83' title='bbox 1334 686 1532 734; x_wconf 87' lang='lat' dir='ltr'>sanguine,</span> <span class='ocrx_word' id='word_1_84' title='bbox 1565 700 1630 736; x_wconf 83' lang='lat' dir='ltr'>per</span> 
     </span>
     <span class='ocr_line' id='line_1_10' title="bbox 79 736 1630 792; baseline 0.006 -20"><span class='ocrx_word' id='word_1_85' title='bbox 79 736 227 776; x_wconf 59' lang='lat' dir='ltr'>duflum</span> <span class='ocrx_word' id='word_1_86' title='bbox 248 739 459 777; x_wconf 84' lang='lat' dir='ltr'>arteriosum</span> <span class='ocrx_word' id='word_1_87' title='bbox 484 741 611 782; x_wconf 76' lang='lat' dir='ltr'>amitti.</span> <span class='ocrx_word' id='word_1_88' title='bbox 672 741 727 778; x_wconf 75' lang='lat' dir='ltr'>Ex</span> <span class='ocrx_word' id='word_1_89' title='bbox 750 742 792 778; x_wconf 86' lang='lat' dir='ltr'>iis</span> <span class='ocrx_word' id='word_1_90' title='bbox 818 741 962 779; x_wconf 78' lang='lat' dir='ltr'>calculis</span> <span class='ocrx_word' id='word_1_91' title='bbox 980 770 990 784; x_wconf 94' lang='lat'>,</span> <span class='ocrx_word' id='word_1_92' title='bbox 1021 743 1189 779; x_wconf 84' lang='lat' dir='ltr'>arteriam</span> <span class='ocrx_word' id='word_1_93' title='bbox 1211 742 1461 790; x_wconf 88' lang='lat' dir='ltr'>pulmonalem</span> <span class='ocrx_word' id='word_1_94' title='bbox 1479 753 1630 792; x_wconf 83' lang='lat' dir='ltr'>oporte·</span> 
     </span>
     <span class='ocr_line' id='line_1_11' title="bbox 79 795 1629 846; baseline 0.004 -16"><span class='ocrx_word' id='word_1_95' title='bbox 79 800 133 830; x_wconf 87' lang='lat' dir='ltr'>ret</span> <span class='ocrx_word' id='word_1_96' title='bbox 154 796 336 832; x_wconf 85' lang='lat' dir='ltr'>minorem</span> <span class='ocrx_word' id='word_1_97' title='bbox 357 795 425 832; x_wconf 81' lang='lat' dir='ltr'>effe</span> <span class='ocrx_word' id='word_1_98' title='bbox 438 825 447 839; x_wconf 86' lang='lat'>‚</span> <span class='ocrx_word' id='word_1_99' title='bbox 481 809 592 846; x_wconf 88' lang='lat' dir='ltr'>quam</span> <span class='ocrx_word' id='word_1_100' title='bbox 616 805 715 834; x_wconf 89' lang='lat' dir='ltr'>aorta</span> <span class='ocrx_word' id='word_1_101' title='bbox 737 798 783 840; x_wconf 82' lang='lat' dir='ltr'>a).</span> <span class='ocrx_word' id='word_1_102' title='bbox 847 798 943 835; x_wconf 86' lang='lat' dir='ltr'>Nam</span> <span class='ocrx_word' id='word_1_103' title='bbox 964 797 1005 835; x_wconf 88' lang='lat' dir='ltr'>fit</span> <span class='ocrx_word' id='word_1_104' title='bbox 1027 798 1169 846; x_wconf 84' lang='lat' dir='ltr'>sanguis</span> <span class='ocrx_word' id='word_1_105' title='bbox 1188 810 1286 835; x_wconf 84' lang='lat' dir='ltr'>venae</span> <span class='ocrx_word' id='word_1_106' title='bbox 1308 811 1401 836; x_wconf 84' lang='lat' dir='ltr'>cavae</span> <span class='ocrx_word' id='word_1_107' title='bbox 1417 814 1468 831; x_wconf 67' lang='grc' dir='ltr'><strong>Ξ</strong></span> <span class='ocrx_word' id='word_1_108' title='bbox 1482 806 1516 836; x_wconf 84' lang='grc'>6.</span> <span class='ocrx_word' id='word_1_109' title='bbox 1533 800 1629 837; x_wconf 81' lang='lat' dir='ltr'>abie-</span> 
     </span>
     <span class='ocr_line' id='line_1_12' title="bbox 77 851 1629 904; baseline 0.005 -18"><span class='ocrx_word' id='word_1_110' title='bbox 77 858 163 888; x_wconf 88' lang='lat' dir='ltr'>runt</span> <span class='ocrx_word' id='word_1_111' title='bbox 186 863 250 899; x_wconf 90' lang='lat' dir='ltr'>per</span> <span class='ocrx_word' id='word_1_112' title='bbox 272 851 435 889; x_wconf 89' lang='lat' dir='ltr'>foramen</span> <span class='ocrx_word' id='word_1_113' title='bbox 458 853 562 890; x_wconf 87' lang='lat' dir='ltr'>ovale</span> <span class='ocrx_word' id='word_1_114' title='bbox 586 853 665 890; x_wconf 88' lang='lat' dir='ltr'>duae</span> <span class='ocrx_word' id='word_1_115' title='bbox 695 863 810 902; x_wconf 86' lang='lat' dir='ltr'>partes</span> <span class='ocrx_word' id='word_1_116' title='bbox 825 883 834 896; x_wconf 91' lang='lat'>‚</span> <span class='ocrx_word' id='word_1_117' title='bbox 869 861 1017 891; x_wconf 83' lang='lat' dir='ltr'>manent</span> <span class='ocrx_word' id='word_1_118' title='bbox 1041 866 1076 899; x_wconf 89' lang='lat'>4.</span> <span class='ocrx_word' id='word_1_119' title='bbox 1122 854 1181 892; x_wconf 89' lang='lat' dir='ltr'>De</span> <span class='ocrx_word' id='word_1_120' title='bbox 1200 856 1241 891; x_wconf 89' lang='lat' dir='ltr'>iis</span> <span class='ocrx_word' id='word_1_121' title='bbox 1261 866 1295 900; x_wconf 88' lang='lat'>4.</span> <span class='ocrx_word' id='word_1_122' title='bbox 1315 856 1476 904; x_wconf 73' lang='lat' dir='ltr'>partibus</span> <span class='ocrx_word' id='word_1_123' title='bbox 1495 856 1629 893; x_wconf 88' lang='lat' dir='ltr'>abeunt</span> 
     </span>
     <span class='ocr_line' id='line_1_13' title="bbox 80 905 1630 960; baseline 0.005 -18"><span class='ocrx_word' id='word_1_124' title='bbox 80 905 122 954; x_wconf 77' lang='lat'>2}</span> <span class='ocrx_word' id='word_1_125' title='bbox 146 919 210 955; x_wconf 89' lang='lat' dir='ltr'>per</span> <span class='ocrx_word' id='word_1_126' title='bbox 234 910 376 945; x_wconf 78' lang='lat' dir='ltr'>arterias</span> <span class='ocrx_word' id='word_1_127' title='bbox 403 909 610 958; x_wconf 86' lang='lat' dir='ltr'>pulmonis:</span> <span class='ocrx_word' id='word_1_128' title='bbox 645 918 793 947; x_wconf 87' lang='lat' dir='ltr'>manent</span> <span class='ocrx_word' id='word_1_129' title='bbox 818 910 969 953; x_wconf 83' lang='lat' dir='ltr'>adeo,&amp;</span> <span class='ocrx_word' id='word_1_130' title='bbox 993 922 1057 960; x_wconf 91' lang='lat' dir='ltr'>per</span> <span class='ocrx_word' id='word_1_131' title='bbox 1079 910 1227 958; x_wconf 68' lang='lat' dir='ltr'>du&amp;um</span> <span class='ocrx_word' id='word_1_132' title='bbox 1247 911 1459 948; x_wconf 88' lang='lat' dir='ltr'>arteriosum</span> <span class='ocrx_word' id='word_1_133' title='bbox 1478 913 1630 950; x_wconf 74' lang='lat' dir='ltr'>venIunt</span> 
     </span>
     <span class='ocr_line' id='line_1_14' title="bbox 85 962 1627 1015; baseline 0.005 -17"><span class='ocrx_word' id='word_1_134' title='bbox 85 962 131 1012; x_wconf 58' lang='lat'>1}</span> <span class='ocrx_word' id='word_1_135' title='bbox 167 963 263 1012; x_wconf 87' lang='lat' dir='ltr'>Ergo</span> <span class='ocrx_word' id='word_1_136' title='bbox 285 972 386 1002; x_wconf 86' lang='lat' dir='ltr'>aorta</span> <span class='ocrx_word' id='word_1_137' title='bbox 410 967 543 1014; x_wconf 86' lang='lat' dir='ltr'>accipit</span> <span class='ocrx_word' id='word_1_138' title='bbox 565 966 745 1014; x_wconf 82' lang='lat' dir='ltr'>sanguinis</span> <span class='ocrx_word' id='word_1_139' title='bbox 773 974 890 1015; x_wconf 84' lang='lat' dir='ltr'>partes</span> <span class='ocrx_word' id='word_1_140' title='bbox 916 967 1003 1004; x_wconf 86' lang='lat' dir='ltr'>duas</span> <span class='ocrx_word' id='word_1_141' title='bbox 1019 995 1028 1009; x_wconf 86' lang='lat'>‚</span> <span class='ocrx_word' id='word_1_142' title='bbox 1060 979 1125 1015; x_wconf 89' lang='lat' dir='ltr'>per</span> <span class='ocrx_word' id='word_1_143' title='bbox 1152 968 1317 1004; x_wconf 78' lang='lat' dir='ltr'>foramen</span> <span class='ocrx_word' id='word_1_144' title='bbox 1340 968 1442 1005; x_wconf 88' lang='lat' dir='ltr'>ovale</span> <span class='ocrx_word' id='word_1_145' title='bbox 1475 976 1600 1006; x_wconf 79' lang='lat' dir='ltr'>euntes</span> <span class='ocrx_word' id='word_1_146' title='bbox 1617 997 1627 1010; x_wconf 91' lang='lat'>,</span> 
     </span>
     <span class='ocr_line' id='line_1_15' title="bbox 79 1020 1630 1073; baseline 0.003 -17"><span class='ocrx_word' id='word_1_147' title='bbox 79 1020 115 1056; x_wconf 86' lang='lat'>&amp;</span> <span class='ocrx_word' id='word_1_148' title='bbox 144 1028 261 1068; x_wconf 84' lang='lat' dir='ltr'>partes</span> <span class='ocrx_word' id='word_1_149' title='bbox 294 1020 335 1070; x_wconf 72' lang='lat'>2}</span> <span class='ocrx_word' id='word_1_150' title='bbox 359 1033 423 1070; x_wconf 87' lang='lat' dir='ltr'>per</span> <span class='ocrx_word' id='word_1_151' title='bbox 446 1022 662 1070; x_wconf 87' lang='lat' dir='ltr'>pulmonem</span> <span class='ocrx_word' id='word_1_152' title='bbox 687 1024 864 1060; x_wconf 87' lang='lat' dir='ltr'>circulum</span> <span class='ocrx_word' id='word_1_153' title='bbox 889 1024 1066 1060; x_wconf 88' lang='lat' dir='ltr'>obeuntes</span> <span class='ocrx_word' id='word_1_154' title='bbox 1084 1051 1094 1065; x_wconf 86' lang='lat'>,</span> <span class='ocrx_word' id='word_1_155' title='bbox 1128 1032 1245 1072; x_wconf 85' lang='lat' dir='ltr'>partes</span> <span class='ocrx_word' id='word_1_156' title='bbox 1271 1036 1360 1072; x_wconf 83' lang='lat' dir='ltr'>ergo</span> <span class='ocrx_word' id='word_1_157' title='bbox 1387 1023 1440 1073; x_wconf 65' lang='lat'>4}</span> <span class='ocrx_word' id='word_1_158' title='bbox 1491 1024 1630 1062; x_wconf 81' lang='lat' dir='ltr'>Arteria</span> 
     </span>
     <span class='ocr_line' id='line_1_16' title="bbox 79 1076 1629 1130; baseline 0.004 -18"><span class='ocrx_word' id='word_1_159' title='bbox 79 1087 166 1113; x_wconf 87' lang='lat' dir='ltr'>vero</span> <span class='ocrx_word' id='word_1_160' title='bbox 191 1076 409 1125; x_wconf 88' lang='lat' dir='ltr'>pulmonalis</span> <span class='ocrx_word' id='word_1_161' title='bbox 440 1077 547 1115; x_wconf 79' lang='lat' dir='ltr'>habet</span> <span class='ocrx_word' id='word_1_162' title='bbox 572 1078 783 1126; x_wconf 82' lang='lat' dir='ltr'>sanguinem</span> <span class='ocrx_word' id='word_1_163' title='bbox 807 1079 974 1130; x_wconf 85' lang='lat' dir='ltr'>auriculae</span> <span class='ocrx_word' id='word_1_164' title='bbox 996 1080 1131 1116; x_wconf 83' lang='lat' dir='ltr'>dextrae</span> <span class='ocrx_word' id='word_1_165' title='bbox 1145 1107 1155 1122; x_wconf 94' lang='lat'><em>,</em></span> <span class='ocrx_word' id='word_1_166' title='bbox 1190 1082 1252 1128; x_wconf 90' lang='lat' dir='ltr'>qui</span> <span class='ocrx_word' id='word_1_167' title='bbox 1273 1092 1338 1128; x_wconf 89' lang='lat' dir='ltr'>per</span> <span class='ocrx_word' id='word_1_168' title='bbox 1360 1080 1526 1117; x_wconf 87' lang='lat' dir='ltr'>foramen</span> <span class='ocrx_word' id='word_1_169' title='bbox 1543 1093 1629 1118; x_wconf 88' lang='lat' dir='ltr'>ova—</span> 
     </span>
     <span class='ocr_line' id='line_1_17' title="bbox 77 1122 1630 1186; baseline 0.004 -18"><span class='ocrx_word' id='word_1_170' title='bbox 77 1130 112 1169; x_wconf 90' lang='lat' dir='ltr'>le</span> <span class='ocrx_word' id='word_1_171' title='bbox 138 1144 215 1169; x_wconf 87' lang='lat' dir='ltr'>non</span> <span class='ocrx_word' id='word_1_172' title='bbox 244 1132 402 1176; x_wconf 73' lang='lat' dir='ltr'>transiit,</span> <span class='ocrx_word' id='word_1_173' title='bbox 434 1146 568 1183; x_wconf 88' lang='lat' dir='ltr'>nempe</span> <span class='ocrx_word' id='word_1_174' title='bbox 591 1146 627 1180; x_wconf 91' lang='lat'>4.</span> <span class='ocrx_word' id='word_1_175' title='bbox 654 1136 775 1173; x_wconf 90' lang='lat' dir='ltr'>minus</span> <span class='ocrx_word' id='word_1_176' title='bbox 796 1122 885 1183; x_wconf 46' lang='grc' dir='ltr'>ἔξω</span> <span class='ocrx_word' id='word_1_177' title='bbox 911 1147 1020 1184; x_wconf 83' lang='lat' dir='ltr'>quam</span> <span class='ocrx_word' id='word_1_178' title='bbox 1039 1136 1165 1172; x_wconf 85' lang='lat' dir='ltr'>arteria</span> <span class='ocrx_word' id='word_1_179' title='bbox 1185 1143 1305 1178; x_wconf 87' lang='lat' dir='ltr'>aorta‚</span> <span class='ocrx_word' id='word_1_180' title='bbox 1326 1148 1406 1185; x_wconf 84' lang='lat' dir='ltr'>quae</span> <span class='ocrx_word' id='word_1_181' title='bbox 1432 1148 1517 1173; x_wconf 88' lang='lat' dir='ltr'>cum</span> <span class='ocrx_word' id='word_1_182' title='bbox 1531 1137 1630 1186; x_wconf 86' lang='lat' dir='ltr'>phae-</span> 
     </span>
     <span class='ocr_line' id='line_1_18' title="bbox 76 1189 1568 1230; baseline 0.004 -6"><span class='ocrx_word' id='word_1_183' title='bbox 76 1190 246 1225; x_wconf 90' lang='lat' dir='ltr'>nomenis</span> <span class='ocrx_word' id='word_1_184' title='bbox 270 1201 348 1226; x_wconf 91' lang='lat' dir='ltr'>non</span> <span class='ocrx_word' id='word_1_185' title='bbox 369 1190 609 1228; x_wconf 90' lang='lat' dir='ltr'>consentiunt.</span> <span class='ocrx_word' id='word_1_186' title='bbox 644 1189 693 1229; x_wconf 81' lang='lat' dir='ltr'>Ea</span> <span class='ocrx_word' id='word_1_187' title='bbox 710 1192 807 1228; x_wconf 89' lang='lat' dir='ltr'>enim</span> <span class='ocrx_word' id='word_1_188' title='bbox 825 1200 965 1229; x_wconf 85' lang='lat' dir='ltr'>aortam</span> <span class='ocrx_word' id='word_1_189' title='bbox 988 1191 1191 1230; x_wconf 84' lang='lat' dir='ltr'>constanter</span> <span class='ocrx_word' id='word_1_190' title='bbox 1214 1193 1399 1229; x_wconf 89' lang='lat' dir='ltr'>minorem</span> <span class='ocrx_word' id='word_1_191' title='bbox 1421 1192 1568 1230; x_wconf 85' lang='lat' dir='ltr'>faciunt.</span> 
     </span>
    </p>
   </div>
   <div class='ocr_carea' id='block_1_5' title="bbox 77 1268 1628 1367">
    <p class='ocr_par' dir='ltr' id='par_1_5' title="bbox 77 1268 1628 1367">
     <span class='ocr_line' id='line_1_19' title="bbox 190 1268 1628 1325; baseline 0.005 -19"><span class='ocrx_word' id='word_1_192' title='bbox 190 1268 433 1319; x_wconf 66' lang='lat' dir='ltr'>Compat&#39;tum</span> <span class='ocrx_word' id='word_1_193' title='bbox 456 1270 673 1320; x_wconf 88' lang='lat' dir='ltr'>pulmonem</span> <span class='ocrx_word' id='word_1_194' title='bbox 701 1272 890 1316; x_wconf 81' lang='lat' dir='ltr'>accusant,</span> <span class='ocrx_word' id='word_1_195' title='bbox 922 1273 1093 1311; x_wconf 89' lang='lat' dir='ltr'>nonnihil</span> <span class='ocrx_word' id='word_1_196' title='bbox 1116 1273 1244 1311; x_wconf 63' lang='lat' dir='ltr'>didturi</span> <span class='ocrx_word' id='word_1_197' title='bbox 1266 1301 1276 1317; x_wconf 87' lang='lat'><em>,</em></span> <span class='ocrx_word' id='word_1_198' title='bbox 1303 1272 1329 1310; x_wconf 88' lang='lat' dir='ltr'><strong>fi</strong></span> <span class='ocrx_word' id='word_1_199' title='bbox 1346 1274 1479 1312; x_wconf 90' lang='lat' dir='ltr'>morbo</span> <span class='ocrx_word' id='word_1_200' title='bbox 1504 1274 1628 1325; x_wconf 87' lang='lat' dir='ltr'>aliquo</span> 
     </span>
     <span class='ocr_line' id='line_1_20' title="bbox 77 1324 885 1367; baseline 0.006 -5"><span class='ocrx_word' id='word_1_201' title='bbox 77 1324 115 1362; x_wconf 91' lang='lat' dir='ltr'>id</span> <span class='ocrx_word' id='word_1_202' title='bbox 138 1325 252 1363; x_wconf 84' lang='lat' dir='ltr'>viscus</span> <span class='ocrx_word' id='word_1_203' title='bbox 269 1328 309 1363; x_wconf 90' lang='lat' dir='ltr'>in</span> <span class='ocrx_word' id='word_1_204' title='bbox 330 1326 481 1364; x_wconf 84' lang='lat' dir='ltr'>solidam</span> <span class='ocrx_word' id='word_1_205' title='bbox 502 1335 667 1366; x_wconf 87' lang='lat' dir='ltr'>naturam</span> <span class='ocrx_word' id='word_1_206' title='bbox 694 1328 885 1367; x_wconf 79' lang='lat' dir='ltr'>transiisset.</span> 
     </span>
    </p>
   </div>
   <div class='ocr_carea' id='block_1_6' title="bbox 79 1407 1629 1515">
    <p class='ocr_par' dir='ltr' id='par_1_6' title="bbox 79 1407 1629 1515">
     <span class='ocr_line' id='line_1_21' title="bbox 190 1407 1629 1459; baseline 0.003 -14"><span class='ocrx_word' id='word_1_207' title='bbox 190 1407 301 1445; x_wconf 87' lang='lat' dir='ltr'>Nunc</span> <span class='ocrx_word' id='word_1_208' title='bbox 324 1408 453 1457; x_wconf 88' lang='lat' dir='ltr'>pulmo</span> <span class='ocrx_word' id='word_1_209' title='bbox 478 1408 554 1446; x_wconf 90' lang='lat' dir='ltr'>sero</span> <span class='ocrx_word' id='word_1_210' title='bbox 579 1409 819 1452; x_wconf 82' lang='lat' dir='ltr'>subnascitur,</span> <span class='ocrx_word' id='word_1_211' title='bbox 853 1411 889 1447; x_wconf 68' lang='grc' dir='ltr'>δι</span> <span class='ocrx_word' id='word_1_212' title='bbox 917 1410 1056 1459; x_wconf 85' lang='lat' dir='ltr'>semper</span> <span class='ocrx_word' id='word_1_213' title='bbox 1073 1411 1109 1447; x_wconf 89' lang='lat' dir='ltr'>in</span> <span class='ocrx_word' id='word_1_214' title='bbox 1128 1410 1205 1448; x_wconf 81' lang='lat' dir='ltr'>fetu</span> <span class='ocrx_word' id='word_1_215' title='bbox 1223 1411 1432 1459; x_wconf 64' lang='lat' dir='ltr'>compadms</span> <span class='ocrx_word' id='word_1_216' title='bbox 1450 1411 1506 1448; x_wconf 88' lang='lat' dir='ltr'>est.</span> <span class='ocrx_word' id='word_1_217' title='bbox 1553 1411 1629 1450; x_wconf 83' lang='lat' dir='ltr'>Na-</span> 
     </span>
     <span class='ocr_line' id='line_1_22' title="bbox 79 1463 1494 1515; baseline 0.002 -13"><span class='ocrx_word' id='word_1_218' title='bbox 79 1470 160 1502; x_wconf 83' lang='lat' dir='ltr'>tura</span> <span class='ocrx_word' id='word_1_219' title='bbox 180 1463 268 1501; x_wconf 88' lang='lat' dir='ltr'>huic</span> <span class='ocrx_word' id='word_1_220' title='bbox 282 1465 406 1502; x_wconf 90' lang='lat' dir='ltr'>visceri</span> <span class='ocrx_word' id='word_1_221' title='bbox 425 1478 572 1515; x_wconf 83' lang='lat' dir='ltr'>parvam</span> <span class='ocrx_word' id='word_1_222' title='bbox 599 1465 734 1504; x_wconf 79' lang='lat' dir='ltr'>fecisset</span> <span class='ocrx_word' id='word_1_223' title='bbox 756 1468 943 1509; x_wconf 79' lang='lat' dir='ltr'>arteriam,</span> <span class='ocrx_word' id='word_1_224' title='bbox 961 1465 1025 1502; x_wconf 80' lang='lat' dir='ltr'>nisi</span> <span class='ocrx_word' id='word_1_225' title='bbox 1042 1466 1102 1504; x_wconf 90' lang='lat' dir='ltr'>hic</span> <span class='ocrx_word' id='word_1_226' title='bbox 1125 1467 1213 1504; x_wconf 85' lang='lat' dir='ltr'>alius</span> <span class='ocrx_word' id='word_1_227' title='bbox 1234 1465 1313 1504; x_wconf 88' lang='lat' dir='ltr'>finis</span> <span class='ocrx_word' id='word_1_228' title='bbox 1333 1466 1494 1505; x_wconf 77' lang='lat' dir='ltr'>subesset.</span> 
     </span>
    </p>
   </div>
   <div class='ocr_carea' id='block_1_7' title="bbox 75 1544 1628 1819">
    <p class='ocr_par' dir='ltr' id='par_1_7' title="bbox 75 1544 1628 1819">
     <span class='ocr_line' id='line_1_23' title="bbox 189 1544 1628 1597; baseline 0.003 -15"><span class='ocrx_word' id='word_1_229' title='bbox 189 1544 321 1595; x_wconf 86' lang='lat' dir='ltr'>Neque</span> <span class='ocrx_word' id='word_1_230' title='bbox 347 1544 604 1585; x_wconf 86' lang='lat' dir='ltr'>difficillimum</span> <span class='ocrx_word' id='word_1_231' title='bbox 629 1547 770 1586; x_wconf 84' lang='lat' dir='ltr'>videtur</span> <span class='ocrx_word' id='word_1_232' title='bbox 795 1547 855 1585; x_wconf 88' lang='lat' dir='ltr'>hic</span> <span class='ocrx_word' id='word_1_233' title='bbox 881 1546 968 1585; x_wconf 86' lang='lat' dir='ltr'>fines</span> <span class='ocrx_word' id='word_1_234' title='bbox 995 1547 1101 1594; x_wconf 89' lang='lat' dir='ltr'>hujus</span> <span class='ocrx_word' id='word_1_235' title='bbox 1127 1547 1269 1585; x_wconf 82' lang='lat' dir='ltr'>fabricae</span> <span class='ocrx_word' id='word_1_236' title='bbox 1293 1547 1471 1597; x_wconf 83' lang='lat' dir='ltr'>detegere.</span> <span class='ocrx_word' id='word_1_237' title='bbox 1531 1548 1628 1587; x_wconf 88' lang='lat' dir='ltr'>Inci-</span> 
     </span>
     <span class='ocr_line' id='line_1_24' title="bbox 75 1600 1628 1654; baseline 0.004 -17"><span class='ocrx_word' id='word_1_238' title='bbox 75 1600 253 1650; x_wconf 87' lang='lat' dir='ltr'>piendum</span> <span class='ocrx_word' id='word_1_239' title='bbox 282 1602 332 1639; x_wconf 84' lang='lat' dir='ltr'>est</span> <span class='ocrx_word' id='word_1_240' title='bbox 364 1610 485 1640; x_wconf 88' lang='lat' dir='ltr'>autem</span> <span class='ocrx_word' id='word_1_241' title='bbox 514 1615 534 1640; x_wconf 90' lang='lat' dir='ltr'>a</span> <span class='ocrx_word' id='word_1_242' title='bbox 561 1616 599 1640; x_wconf 91' lang='lat' dir='ltr'>re</span> <span class='ocrx_word' id='word_1_243' title='bbox 624 1603 696 1652; x_wconf 84' lang='lat' dir='ltr'>ipsa</span> <span class='ocrx_word' id='word_1_244' title='bbox 719 1632 728 1645; x_wconf 89' lang='lat'><em>‚</em></span> <span class='ocrx_word' id='word_1_245' title='bbox 761 1611 803 1640; x_wconf 91' lang='lat' dir='ltr'>ut</span> <span class='ocrx_word' id='word_1_246' title='bbox 837 1604 1001 1646; x_wconf 87' lang='lat' dir='ltr'>constet,</span> <span class='ocrx_word' id='word_1_247' title='bbox 1035 1606 1201 1641; x_wconf 86' lang='lat' dir='ltr'>arteriam</span> <span class='ocrx_word' id='word_1_248' title='bbox 1224 1604 1475 1652; x_wconf 84' lang='lat' dir='ltr'>pulmonalem</span> <span class='ocrx_word' id='word_1_249' title='bbox 1500 1606 1628 1654; x_wconf 89' lang='lat' dir='ltr'>utique</span> 
     </span>
     <span class='ocr_line' id='line_1_25' title="bbox 76 1658 1628 1708; baseline 0.003 -15"><span class='ocrx_word' id='word_1_250' title='bbox 76 1658 254 1705; x_wconf 73' lang='lat' dir='ltr'>majorem</span> <span class='ocrx_word' id='word_1_251' title='bbox 276 1658 366 1696; x_wconf 81' lang='lat' dir='ltr'>esse:</span> <span class='ocrx_word' id='word_1_252' title='bbox 397 1666 439 1696; x_wconf 94' lang='lat' dir='ltr'>ut</span> <span class='ocrx_word' id='word_1_253' title='bbox 462 1659 625 1696; x_wconf 84' lang='lat' dir='ltr'>mensura</span> <span class='ocrx_word' id='word_1_254' title='bbox 649 1659 840 1697; x_wconf 86' lang='lat' dir='ltr'>definiatur</span> <span class='ocrx_word' id='word_1_255' title='bbox 856 1687 865 1701; x_wconf 91' lang='lat'>,</span> <span class='ocrx_word' id='word_1_256' title='bbox 899 1672 970 1708; x_wconf 86' lang='lat' dir='ltr'>qua</span> <span class='ocrx_word' id='word_1_257' title='bbox 991 1666 1129 1697; x_wconf 86' lang='lat' dir='ltr'>aortam</span> <span class='ocrx_word' id='word_1_258' title='bbox 1145 1660 1308 1708; x_wconf 79' lang='lat' dir='ltr'>superat3</span> <span class='ocrx_word' id='word_1_259' title='bbox 1340 1668 1381 1698; x_wconf 92' lang='lat' dir='ltr'>ut</span> <span class='ocrx_word' id='word_1_260' title='bbox 1400 1662 1493 1698; x_wconf 88' lang='lat' dir='ltr'>ratio</span> <span class='ocrx_word' id='word_1_261' title='bbox 1509 1660 1553 1698; x_wconf 85' lang='lat' dir='ltr'>ad</span> <span class='ocrx_word' id='word_1_262' title='bbox 1573 1673 1628 1699; x_wconf 80' lang='lat' dir='ltr'>ra-</span> 
     </span>
     <span class='ocr_line' id='line_1_26' title="bbox 76 1714 1626 1767; baseline 0.003 -17"><span class='ocrx_word' id='word_1_263' title='bbox 76 1725 158 1751; x_wconf 89' lang='lat' dir='ltr'>mos</span> <span class='ocrx_word' id='word_1_264' title='bbox 183 1714 409 1763; x_wconf 86' lang='lat' dir='ltr'>pulmonales</span> <span class='ocrx_word' id='word_1_265' title='bbox 427 1743 436 1758; x_wconf 88' lang='lat'><strong>,</strong></span> <span class='ocrx_word' id='word_1_266' title='bbox 471 1716 507 1752; x_wconf 84' lang='lat'>&amp;</span> <span class='ocrx_word' id='word_1_267' title='bbox 530 1715 575 1753; x_wconf 83' lang='lat' dir='ltr'>ad</span> <span class='ocrx_word' id='word_1_268' title='bbox 595 1716 744 1753; x_wconf 67' lang='lat' dir='ltr'>dustum</span> <span class='ocrx_word' id='word_1_269' title='bbox 767 1716 979 1754; x_wconf 85' lang='lat' dir='ltr'>arteriosum</span> <span class='ocrx_word' id='word_1_270' title='bbox 1004 1715 1228 1761; x_wconf 83' lang='lat' dir='ltr'>innotescat3</span> <span class='ocrx_word' id='word_1_271' title='bbox 1261 1717 1298 1753; x_wconf 74' lang='grc' dir='ltr'>δε</span> <span class='ocrx_word' id='word_1_272' title='bbox 1329 1716 1500 1760; x_wconf 85' lang='lat' dir='ltr'>demum,</span> <span class='ocrx_word' id='word_1_273' title='bbox 1524 1718 1626 1767; x_wconf 89' lang='lat' dir='ltr'>quod</span> 
     </span>
     <span class='ocr_line' id='line_1_27' title="bbox 77 1771 1243 1819; baseline 0.001 -12"><span class='ocrx_word' id='word_1_274' title='bbox 77 1777 187 1819; x_wconf 85' lang='lat' dir='ltr'>caput</span> <span class='ocrx_word' id='word_1_275' title='bbox 212 1772 265 1808; x_wconf 87' lang='lat' dir='ltr'>rei</span> <span class='ocrx_word' id='word_1_276' title='bbox 288 1771 359 1814; x_wconf 88' lang='lat' dir='ltr'>est,</span> <span class='ocrx_word' id='word_1_277' title='bbox 390 1772 483 1809; x_wconf 86' lang='lat' dir='ltr'>ratio</span> <span class='ocrx_word' id='word_1_278' title='bbox 503 1772 548 1808; x_wconf 87' lang='lat' dir='ltr'>ad</span> <span class='ocrx_word' id='word_1_279' title='bbox 566 1771 722 1809; x_wconf 87' lang='lat' dir='ltr'>liberum</span> <span class='ocrx_word' id='word_1_280' title='bbox 745 1772 885 1811; x_wconf 86' lang='lat' dir='ltr'>hiatum</span> <span class='ocrx_word' id='word_1_281' title='bbox 909 1773 1096 1810; x_wconf 87' lang='lat' dir='ltr'>foraminis</span> <span class='ocrx_word' id='word_1_282' title='bbox 1119 1772 1243 1810; x_wconf 88' lang='lat' dir='ltr'>ovalis.</span> 
     </span>
    </p>
   </div>
   <div class='ocr_carea' id='block_1_8' title="bbox 77 1852 1626 1960">
    <p class='ocr_par' dir='ltr' id='par_1_8' title="bbox 77 1852 1626 1960">
     <span class='ocr_line' id='line_1_28' title="bbox 189 1852 1626 1903; baseline 0.003 -14"><span class='ocrx_word' id='word_1_283' title='bbox 189 1852 327 1890; x_wconf 84' lang='lat' dir='ltr'>Arteria</span> <span class='ocrx_word' id='word_1_284' title='bbox 347 1852 566 1902; x_wconf 88' lang='lat' dir='ltr'>pulmonalis</span> <span class='ocrx_word' id='word_1_285' title='bbox 588 1855 715 1903; x_wconf 75' lang='lat' dir='ltr'>utIque</span> <span class='ocrx_word' id='word_1_286' title='bbox 739 1855 856 1901; x_wconf 84' lang='lat' dir='ltr'>maJ&#39;or</span> <span class='ocrx_word' id='word_1_287' title='bbox 875 1852 914 1899; x_wconf 70' lang='lat' dir='ltr'>b)</span> <span class='ocrx_word' id='word_1_288' title='bbox 934 1854 1002 1896; x_wconf 87' lang='lat' dir='ltr'>est,</span> <span class='ocrx_word' id='word_1_289' title='bbox 1024 1865 1133 1903; x_wconf 89' lang='lat' dir='ltr'>quam</span> <span class='ocrx_word' id='word_1_290' title='bbox 1151 1859 1273 1896; x_wconf 84' lang='lat' dir='ltr'>aorta,</span> <span class='ocrx_word' id='word_1_291' title='bbox 1294 1865 1372 1892; x_wconf 89' lang='lat' dir='ltr'>non</span> <span class='ocrx_word' id='word_1_292' title='bbox 1401 1854 1439 1892; x_wconf 90' lang='lat' dir='ltr'>in</span> <span class='ocrx_word' id='word_1_293' title='bbox 1464 1853 1626 1893; x_wconf 78' lang='lat' dir='ltr'>hominis</span> 
     </span>
     <span class='ocr_line' id='line_1_29' title="bbox 77 1906 1330 1960; baseline 0.002 -15"><span class='ocrx_word' id='word_1_294' title='bbox 77 1906 155 1946; x_wconf 83' lang='lat' dir='ltr'>solo</span> <span class='ocrx_word' id='word_1_295' title='bbox 180 1908 258 1947; x_wconf 87' lang='lat' dir='ltr'>fetu</span> <span class='ocrx_word' id='word_1_296' title='bbox 277 1937 287 1952; x_wconf 84' lang='lat'>‚</span> <span class='ocrx_word' id='word_1_297' title='bbox 319 1909 379 1946; x_wconf 87' lang='lat' dir='ltr'>sed</span> <span class='ocrx_word' id='word_1_298' title='bbox 409 1910 447 1946; x_wconf 89' lang='lat' dir='ltr'>in</span> <span class='ocrx_word' id='word_1_299' title='bbox 483 1921 597 1953; x_wconf 86' lang='lat' dir='ltr'>cane,</span> <span class='ocrx_word' id='word_1_300' title='bbox 626 1922 723 1952; x_wconf 88' lang='lat' dir='ltr'>ove.</span> <span class='ocrx_word' id='word_1_301' title='bbox 756 1922 874 1960; x_wconf 92' lang='lat' dir='ltr'>porco</span> <span class='ocrx_word' id='word_1_302' title='bbox 892 1939 901 1953; x_wconf 79' lang='lat'>‚</span> <span class='ocrx_word' id='word_1_303' title='bbox 934 1912 972 1947; x_wconf 90' lang='lat' dir='ltr'>in</span> <span class='ocrx_word' id='word_1_304' title='bbox 1000 1911 1131 1960; x_wconf 87' lang='lat' dir='ltr'>quibus</span> <span class='ocrx_word' id='word_1_305' title='bbox 1153 1909 1330 1960; x_wconf 68' lang='lat' dir='ltr'>inquifivi„</span> 
     </span>
    </p>
   </div>
   <div class='ocr_carea' id='block_1_9' title="bbox 1490 1991 1624 2036">
    <p class='ocr_par' dir='ltr' id='par_1_9' title="bbox 1490 1991 1624 2036">
     <span class='ocr_line' id='line_1_30' title="bbox 1490 1991 1624 2036; baseline 0.007 -6"><span class='ocrx_word' id='word_1_306' title='bbox 1490 1991 1600 2031; x_wconf 86' lang='lat' dir='ltr'>Ratio</span> <span class='ocrx_word' id='word_1_307' title='bbox 1614 2021 1624 2036; x_wconf 88' lang='lat'>,</span> 
     </span>
    </p>
   </div>
   <div class='ocr_carea' id='block_1_10' title="bbox 56 2097 1622 2341">
    <p class='ocr_par' dir='ltr' id='par_1_10' title="bbox 77 2097 1622 2301">
     <span class='ocr_line' id='line_1_31' title="bbox 77 2097 1622 2138; baseline 0.002 -9"><span class='ocrx_word' id='word_1_308' title='bbox 77 2099 210 2130; x_wconf 62' lang='lat' dir='ltr'>Leman</span> <span class='ocrx_word' id='word_1_309' title='bbox 227 2099 321 2130; x_wconf 83' lang='lat' dir='ltr'>Mem.</span> <span class='ocrx_word' id='word_1_310' title='bbox 335 2101 368 2129; x_wconf 84' lang='lat' dir='ltr'>de</span> <span class='ocrx_word' id='word_1_311' title='bbox 384 2099 540 2131; x_wconf 76' lang='lat' dir='ltr'>l‘Academ.</span> <span class='ocrx_word' id='word_1_312' title='bbox 560 2110 624 2130; x_wconf 85' lang='lat' dir='ltr'>ann.</span> <span class='ocrx_word' id='word_1_313' title='bbox 645 2109 728 2138; x_wconf 79' lang='lat'>1739.</span> <span class='ocrx_word' id='word_1_314' title='bbox 753 2100 777 2136; x_wconf 85' lang='lat' dir='ltr'>J.</span> <span class='ocrx_word' id='word_1_315' title='bbox 791 2101 960 2132; x_wconf 74' lang='lat' dir='ltr'>SALZMAN.</span> <span class='ocrx_word' id='word_1_316' title='bbox 974 2103 1008 2131; x_wconf 81' lang='lat' dir='ltr'>de</span> <span class='ocrx_word' id='word_1_317' title='bbox 1029 2101 1213 2130; x_wconf 72' lang='lat' dir='ltr'>circulatione</span> <span class='ocrx_word' id='word_1_318' title='bbox 1227 2097 1383 2138; x_wconf 71' lang='lat' dir='ltr'>fiznguinir</span> <span class='ocrx_word' id='word_1_319' title='bbox 1402 2102 1436 2129; x_wconf 74' lang='lat' dir='ltr'>in</span> <span class='ocrx_word' id='word_1_320' title='bbox 1452 2099 1517 2138; x_wconf 71' lang='lat' dir='ltr'>fhtu</span> <span class='ocrx_word' id='word_1_321' title='bbox 1531 2110 1557 2130; x_wconf 81' lang='lat' dir='ltr'>n,</span> <span class='ocrx_word' id='word_1_322' title='bbox 1577 2110 1622 2132; x_wconf 82' lang='lat'>21.</span> 
     </span>
     <span class='ocr_line' id='line_1_32' title="bbox 77 2139 1622 2180; baseline 0.001 -10"><span class='ocrx_word' id='word_1_323' title='bbox 77 2140 103 2177; x_wconf 83' lang='lat' dir='ltr'>J.</span> <span class='ocrx_word' id='word_1_324' title='bbox 118 2141 138 2171; x_wconf 91' lang='lat' dir='ltr'>B</span> <span class='ocrx_word' id='word_1_325' title='bbox 162 2140 371 2169; x_wconf 73' lang='lat' dir='ltr'>MORGAGNUS</span> <span class='ocrx_word' id='word_1_326' title='bbox 385 2139 492 2179; x_wconf 68' lang='lat' dir='ltr'>advers</span> <span class='ocrx_word' id='word_1_327' title='bbox 506 2142 529 2171; x_wconf 90' lang='lat' dir='ltr'>I.</span> <span class='ocrx_word' id='word_1_328' title='bbox 555 2143 582 2170; x_wconf 71' lang='lat' dir='ltr'>Sc</span> <span class='ocrx_word' id='word_1_329' title='bbox 600 2142 630 2171; x_wconf 90' lang='lat' dir='ltr'>V.</span> <span class='ocrx_word' id='word_1_330' title='bbox 646 2142 676 2171; x_wconf 91' lang='lat' dir='ltr'>F.</span> <span class='ocrx_word' id='word_1_331' title='bbox 695 2142 841 2171; x_wconf 70' lang='lat' dir='ltr'>Nicr-iors</span> <span class='ocrx_word' id='word_1_332' title='bbox 866 2143 1007 2180; x_wconf 77' lang='lat' dir='ltr'>compend.</span> <span class='ocrx_word' id='word_1_333' title='bbox 1028 2149 1107 2170; x_wconf 78' lang='lat' dir='ltr'>anat.</span> <span class='ocrx_word' id='word_1_334' title='bbox 1124 2151 1151 2179; x_wconf 89' lang='lat' dir='ltr'>p.</span> <span class='ocrx_word' id='word_1_335' title='bbox 1167 2146 1214 2175; x_wconf 79' lang='lat'>48.</span> <span class='ocrx_word' id='word_1_336' title='bbox 1239 2141 1433 2170; x_wconf 68' lang='lat' dir='ltr'>Cusssnrnaw</span> <span class='ocrx_word' id='word_1_337' title='bbox 1449 2150 1476 2178; x_wconf 91' lang='lat' dir='ltr'>p.</span> <span class='ocrx_word' id='word_1_338' title='bbox 1501 2151 1544 2176; x_wconf 83' lang='lat'>55.</span> <span class='ocrx_word' id='word_1_339' title='bbox 1564 2141 1622 2180; x_wconf 89' lang='lat' dir='ltr'>sqq.</span> 
     </span>
     <span class='ocr_line' id='line_1_33' title="bbox 77 2179 1621 2220; baseline 0 -8"><span class='ocrx_word' id='word_1_340' title='bbox 77 2182 197 2213; x_wconf 63' lang='lat' dir='ltr'>Runa.</span> <span class='ocrx_word' id='word_1_341' title='bbox 213 2181 232 2211; x_wconf 92' lang='lat' dir='ltr'>l.</span> <span class='ocrx_word' id='word_1_342' title='bbox 246 2189 270 2209; x_wconf 91' lang='lat' dir='ltr'>c.</span> <span class='ocrx_word' id='word_1_343' title='bbox 293 2179 426 2210; x_wconf 71' lang='lat' dir='ltr'>BussoN.</span> <span class='ocrx_word' id='word_1_344' title='bbox 449 2181 481 2210; x_wconf 88' lang='lat' dir='ltr'>in</span> <span class='ocrx_word' id='word_1_345' title='bbox 500 2180 567 2220; x_wconf 74' lang='lat' dir='ltr'>thes.</span> <span class='ocrx_word' id='word_1_346' title='bbox 593 2182 666 2212; x_wconf 83' lang='lat' dir='ltr'>Paris</span> <span class='ocrx_word' id='word_1_347' title='bbox 688 2184 729 2212; x_wconf 79' lang='lat' dir='ltr'>ed.</span> <span class='ocrx_word' id='word_1_348' title='bbox 756 2191 838 2220; x_wconf 82' lang='lat'>1741.</span> <span class='ocrx_word' id='word_1_349' title='bbox 863 2183 1022 2213; x_wconf 70' lang='lat' dir='ltr'>MANGET.</span> <span class='ocrx_word' id='word_1_350' title='bbox 1036 2182 1095 2220; x_wconf 72' lang='lat' dir='ltr'>pest</span> <span class='ocrx_word' id='word_1_351' title='bbox 1111 2184 1152 2212; x_wconf 79' lang='lat' dir='ltr'>ed.</span> <span class='ocrx_word' id='word_1_352' title='bbox 1178 2183 1278 2211; x_wconf 75' lang='lat' dir='ltr'>Genev.</span> <span class='ocrx_word' id='word_1_353' title='bbox 1309 2180 1518 2210; x_wconf 65' lang='lat' dir='ltr'>szassrssmr</span> <span class='ocrx_word' id='word_1_354' title='bbox 1538 2180 1572 2212; x_wconf 90' lang='lat' dir='ltr'>T.</span> <span class='ocrx_word' id='word_1_355' title='bbox 1586 2182 1621 2212; x_wconf 90' lang='lat' dir='ltr'>ll.</span> 
     </span>
     <span class='ocr_line' id='line_1_34' title="bbox 77 2224 1524 2301; baseline -0.001 -9"><span class='ocrx_word' id='word_1_356' title='bbox 77 2224 337 2298; x_wconf 41' lang='lat' dir='ltr'>apffgffiliefgtefflac</span> <span class='ocrx_word' id='word_1_357' title='bbox 354 2260 452 2291; x_wconf 65' lang='lat' dir='ltr'>Mam</span> <span class='ocrx_word' id='word_1_358' title='bbox 467 2263 542 2293; x_wconf 86' lang='lat' dir='ltr'>Anc.</span> <span class='ocrx_word' id='word_1_359' title='bbox 558 2274 639 2293; x_wconf 77' lang='lat' dir='ltr'>mem.</span> <span class='ocrx_word' id='word_1_360' title='bbox 658 2263 674 2293; x_wconf 87' lang='lat'>1.</span> <span class='ocrx_word' id='word_1_361' title='bbox 690 2274 714 2294; x_wconf 90' lang='lat' dir='ltr'>c.</span> <span class='ocrx_word' id='word_1_362' title='bbox 741 2265 835 2294; x_wconf 61' lang='lat' dir='ltr'>Mem.</span> <span class='ocrx_word' id='word_1_363' title='bbox 850 2265 884 2292; x_wconf 81' lang='lat' dir='ltr'>de</span> <span class='ocrx_word' id='word_1_364' title='bbox 902 2267 986 2297; x_wconf 67' lang='lat'><em>16900</em></span> <span class='ocrx_word' id='word_1_365' title='bbox 1005 2272 1033 2301; x_wconf 87' lang='lat' dir='ltr'>p.</span> <span class='ocrx_word' id='word_1_366' title='bbox 1052 2272 1095 2299; x_wconf 84' lang='lat'>32.</span> <span class='ocrx_word' id='word_1_367' title='bbox 1124 2264 1198 2293; x_wconf 80' lang='lat' dir='ltr'>dela</span> <span class='ocrx_word' id='word_1_368' title='bbox 1210 2262 1382 2291; x_wconf 73' lang='lat' dir='ltr'>circulatim</span> <span class='ocrx_word' id='word_1_369' title='bbox 1395 2270 1422 2299; x_wconf 91' lang='lat' dir='ltr'>p.</span> <span class='ocrx_word' id='word_1_370' title='bbox 1437 2271 1464 2298; x_wconf 93' lang='lat'>9.</span> <span class='ocrx_word' id='word_1_371' title='bbox 1477 2271 1524 2297; x_wconf 76' lang='lat'>49.</span> 
     </span>
    </p>

    <p class='ocr_par' dir='ltr' id='par_1_11' title="bbox 56 2301 1427 2341">
     <span class='ocr_line' id='line_1_35' title="bbox 56 2301 1427 2341; baseline -0.003 -7"><span class='ocrx_word' id='word_1_372' title='bbox 56 2302 70 2307; x_wconf 83' lang='grc'>”</span> <span class='ocrx_word' id='word_1_373' title='bbox 118 2305 150 2340; x_wconf 79' lang='lat' dir='ltr'>b)</span> <span class='ocrx_word' id='word_1_374' title='bbox 173 2303 245 2333; x_wconf 88' lang='lat' dir='ltr'>Vide</span> <span class='ocrx_word' id='word_1_375' title='bbox 266 2302 421 2333; x_wconf 88' lang='lat' dir='ltr'>multorum</span> <span class='ocrx_word' id='word_1_376' title='bbox 444 2301 612 2341; x_wconf 74' lang='lat' dir='ltr'>scriptorum</span> <span class='ocrx_word' id='word_1_377' title='bbox 637 2304 845 2334; x_wconf 77' lang='lat' dir='ltr'>consentientia</span> <span class='ocrx_word' id='word_1_378' title='bbox 867 2304 1027 2334; x_wconf 78' lang='lat' dir='ltr'>testimonia</span> <span class='ocrx_word' id='word_1_379' title='bbox 1049 2303 1080 2336; x_wconf 89' lang='lat' dir='ltr'>L.</span> <span class='ocrx_word' id='word_1_380' title='bbox 1096 2303 1169 2333; x_wconf 89' lang='lat' dir='ltr'><strong>VlII.</strong></span> <span class='ocrx_word' id='word_1_381' title='bbox 1189 2312 1217 2340; x_wconf 88' lang='lat' dir='ltr'>p.</span> <span class='ocrx_word' id='word_1_382' title='bbox 1236 2312 1300 2340; x_wconf 81' lang='lat'>159.</span> <span class='ocrx_word' id='word_1_383' title='bbox 1327 2308 1388 2333; x_wconf 86' lang='lat' dir='ltr'>not.</span> <span class='ocrx_word' id='word_1_384' title='bbox 1403 2312 1427 2331; x_wconf 83' lang='grc' dir='ltr'>ο.</span> 
     </span>
    </p>
   </div>
   <div class='ocr_carea' id='block_1_11' title="bbox 134 2378 1231 2428">
    <p class='ocr_par' dir='ltr' id='par_1_12' title="bbox 134 2378 1231 2428">
     <span class='ocr_line' id='line_1_36' title="bbox 134 2378 1231 2428; baseline -0.001 -10"><span class='ocrx_word' id='word_1_385' title='bbox 134 2379 300 2419; x_wconf 79' lang='lat' dir='ltr'>HALLER</span> <span class='ocrx_word' id='word_1_386' title='bbox 329 2378 472 2428; x_wconf 76' lang='lat' dir='ltr'><em>Phyfiol.</em></span> <span class='ocrx_word' id='word_1_387' title='bbox 504 2379 614 2419; x_wconf 89' lang='lat' dir='ltr'>Tom.</span> <span class='ocrx_word' id='word_1_388' title='bbox 638 2381 740 2420; x_wconf 84' lang='lat' dir='ltr'><strong>VIII.</strong></span> <span class='ocrx_word' id='word_1_389' title='bbox 774 2381 810 2420; x_wconf 90' lang='lat' dir='ltr'>P.</span> <span class='ocrx_word' id='word_1_390' title='bbox 831 2381 858 2420; x_wconf 90' lang='lat' dir='ltr'>I.</span> <span class='ocrx_word' id='word_1_391' title='bbox 1083 2380 1122 2419; x_wconf 96' lang='lat' dir='ltr'>D</span> <span class='ocrx_word' id='word_1_392' title='bbox 1153 2380 1176 2419; x_wconf 89' lang='lat' dir='ltr'>d</span> <span class='ocrx_word' id='word_1_393' title='bbox 1207 2379 1231 2417; x_wconf 88' lang='lat' dir='ltr'>d</span> 
     </span>
    </p>
   </div>
  </div>
 </body>
</html>
