<?xml version="1.0" encoding="UTF-8"?>
<!DOCTYPE html PUBLIC "-//W3C//DTD XHTML 1.0 Transitional//EN"
    "http://www.w3.org/TR/xhtml1/DTD/xhtml1-transitional.dtd">
<html xmlns="http://www.w3.org/1999/xhtml" xml:lang="en" lang="en">
 <head>
  <title>
</title>
<meta http-equiv="Content-Type" content="text/html;charset=utf-8" />
  <meta name='ocr-system' content='tesseract 3.04.00' />
  <meta name='ocr-capabilities' content='ocr_page ocr_carea ocr_par ocr_line ocrx_word'/>
</head>
<body>
  <div class='ocr_page' id='page_1' title='image "./elementaphysiolo08hall_0311.png"; bbox 0 0 1955 2732; ppageno 0'>
   <div class='ocr_carea' id='block_1_1' title="bbox 402 112 1611 159">
    <p class='ocr_par' dir='ltr' id='par_1_1' title="bbox 402 112 1611 159">
     <span class='ocr_line' id='line_1_1' title="bbox 402 112 1611 159; baseline -0.005 -1"><span class='ocrx_word' id='word_1_1' title='bbox 402 115 665 158; x_wconf 63' lang='lat' dir='ltr'><em>SECTIV.</em></span> <span class='ocrx_word' id='word_1_2' title='bbox 724 113 932 155; x_wconf 85' lang='lat' dir='ltr'>VITA</span> <span class='ocrx_word' id='word_1_3' title='bbox 989 112 1270 158; x_wconf 76' lang='lat' dir='ltr'><strong>FETUS.</strong></span> <span class='ocrx_word' id='word_1_4' title='bbox 1535 121 1611 159; x_wconf 77' lang='lat'><strong>281</strong></span> 
     </span>
    </p>
   </div>
   <div class='ocr_carea' id='block_1_2' title="bbox 178 220 1615 277">
    <p class='ocr_par' dir='ltr' id='par_1_2' title="bbox 178 220 1615 277">
     <span class='ocr_line' id='line_1_2' title="bbox 178 220 1615 277; baseline -0.005 -10"><span class='ocrx_word' id='word_1_5' title='bbox 178 228 290 268; x_wconf 76' lang='lat' dir='ltr'><strong>Attus</strong></span> <span class='ocrx_word' id='word_1_6' title='bbox 306 228 487 277; x_wconf 86' lang='lat' dir='ltr'><strong>incipiunt</strong></span> <span class='ocrx_word' id='word_1_7' title='bbox 504 225 666 275; x_wconf 88' lang='lat' dir='ltr'><strong>conspici</strong></span> <span class='ocrx_word' id='word_1_8' title='bbox 683 224 723 267; x_wconf 87' lang='lat' dir='ltr'><strong>n)</strong></span> <span class='ocrx_word' id='word_1_9' title='bbox 739 252 749 266; x_wconf 94' lang='lat'>,</span> <span class='ocrx_word' id='word_1_10' title='bbox 777 222 820 260; x_wconf 86' lang='lat' dir='ltr'><strong>ad</strong></span> <span class='ocrx_word' id='word_1_11' title='bbox 839 234 972 272; x_wconf 79' lang='lat' dir='ltr'><strong>corpus</strong></span> <span class='ocrx_word' id='word_1_12' title='bbox 990 220 1025 267; x_wconf 85' lang='grc' dir='ltr'><strong>ο)</strong></span> <span class='ocrx_word' id='word_1_13' title='bbox 1049 221 1199 272; x_wconf 86' lang='lat' dir='ltr'><strong>quidem</strong></span> <span class='ocrx_word' id='word_1_14' title='bbox 1218 221 1364 260; x_wconf 71' lang='lat' dir='ltr'><strong>adtraffi</strong></span> <span class='ocrx_word' id='word_1_15' title='bbox 1379 251 1388 265; x_wconf 93' lang='lat'>‚</span> <span class='ocrx_word' id='word_1_16' title='bbox 1414 222 1450 260; x_wconf 71' lang='grc' dir='ltr'><strong>δε</strong></span> <span class='ocrx_word' id='word_1_17' title='bbox 1467 221 1615 262; x_wconf 79' lang='lat' dir='ltr'><strong>mucofi.</strong></span> 
     </span>
    </p>
   </div>
   <div class='ocr_carea' id='block_1_3' title="bbox 66 303 1621 584">
    <p class='ocr_par' dir='ltr' id='par_1_3' title="bbox 66 303 1621 584">
     <span class='ocr_line' id='line_1_3' title="bbox 180 303 1617 354; baseline -0.005 -6"><span class='ocrx_word' id='word_1_18' title='bbox 180 309 361 348; x_wconf 84' lang='lat' dir='ltr'><strong>Cellulosa</strong></span> <span class='ocrx_word' id='word_1_19' title='bbox 394 308 463 346; x_wconf 86' lang='lat' dir='ltr'><strong>tela</strong></span> <span class='ocrx_word' id='word_1_20' title='bbox 489 308 608 345; x_wconf 85' lang='lat' dir='ltr'><strong>omnis</strong></span> <span class='ocrx_word' id='word_1_21' title='bbox 630 306 754 348; x_wconf 80' lang='lat' dir='ltr'><strong>muci,</strong></span> <span class='ocrx_word' id='word_1_22' title='bbox 790 306 826 342; x_wconf 75' lang='grc' dir='ltr'><strong>δε</strong></span> <span class='ocrx_word' id='word_1_23' title='bbox 847 305 921 342; x_wconf 88' lang='lat' dir='ltr'><strong>fere</strong></span> <span class='ocrx_word' id='word_1_24' title='bbox 939 316 1038 354; x_wconf 80' lang='lat' dir='ltr'><strong>aquae</strong></span> <span class='ocrx_word' id='word_1_25' title='bbox 1055 333 1064 347; x_wconf 90' lang='lat'><em>‚</em></span> <span class='ocrx_word' id='word_1_26' title='bbox 1099 304 1255 354; x_wconf 86' lang='lat' dir='ltr'><strong>speciem</strong></span> <span class='ocrx_word' id='word_1_27' title='bbox 1279 303 1396 342; x_wconf 86' lang='lat' dir='ltr'><strong>habet.</strong></span> <span class='ocrx_word' id='word_1_28' title='bbox 1431 303 1554 349; x_wconf 78' lang='lat' dir='ltr'><strong>Quare</strong></span> <span class='ocrx_word' id='word_1_29' title='bbox 1579 305 1617 341; x_wconf 88' lang='lat' dir='ltr'><strong>in</strong></span> 
     </span>
     <span class='ocr_line' id='line_1_4' title="bbox 66 360 1620 416; baseline -0.005 -12"><span class='ocrx_word' id='word_1_30' title='bbox 66 367 197 416; x_wconf 80' lang='lat' dir='ltr'><strong>hepate</strong></span> <span class='ocrx_word' id='word_1_31' title='bbox 221 366 391 403; x_wconf 79' lang='lat' dir='ltr'>adultiori</span> <span class='ocrx_word' id='word_1_32' title='bbox 405 363 453 414; x_wconf 83' lang='lat' dir='ltr'><strong>p)</strong></span> <span class='ocrx_word' id='word_1_33' title='bbox 475 364 552 402; x_wconf 81' lang='lat' dir='ltr'><strong>vasa</strong></span> <span class='ocrx_word' id='word_1_34' title='bbox 568 392 577 406; x_wconf 92' lang='lat'><strong>,</strong></span> <span class='ocrx_word' id='word_1_35' title='bbox 610 363 682 411; x_wconf 88' lang='lat' dir='ltr'><strong>jam</strong></span> <span class='ocrx_word' id='word_1_36' title='bbox 704 370 792 399; x_wconf 83' lang='lat' dir='ltr'><strong>tnnc</strong></span> <span class='ocrx_word' id='word_1_37' title='bbox 815 360 975 398; x_wconf 81' lang='lat' dir='ltr'><strong>firmiora</strong></span> <span class='ocrx_word' id='word_1_38' title='bbox 992 390 1001 403; x_wconf 90' lang='lat'>‚</span> <span class='ocrx_word' id='word_1_39' title='bbox 1035 361 1092 398; x_wconf 88' lang='lat' dir='ltr'><strong>die</strong></span> <span class='ocrx_word' id='word_1_40' title='bbox 1117 373 1218 398; x_wconf 88' lang='lat' dir='ltr'><strong>nono</strong></span> <span class='ocrx_word' id='word_1_41' title='bbox 1242 362 1289 397; x_wconf 85' lang='lat' dir='ltr'><strong>ita</strong></span> <span class='ocrx_word' id='word_1_42' title='bbox 1307 362 1501 409; x_wconf 77' lang='lat' dir='ltr'>adparent,</span> <span class='ocrx_word' id='word_1_43' title='bbox 1522 360 1620 410; x_wconf 77' lang='lat' dir='ltr'><strong>quafi</strong></span> 
     </span>
     <span class='ocr_line' id='line_1_5' title="bbox 66 416 1620 466; baseline -0.005 -6"><span class='ocrx_word' id='word_1_44' title='bbox 66 423 140 460; x_wconf 87' lang='lat' dir='ltr'><strong>sola</strong></span> <span class='ocrx_word' id='word_1_45' title='bbox 164 422 342 464; x_wconf 70' lang='lat' dir='ltr'><strong>adessent,</strong></span> <span class='ocrx_word' id='word_1_46' title='bbox 377 433 463 459; x_wconf 88' lang='lat' dir='ltr'><strong>cum</strong></span> <span class='ocrx_word' id='word_1_47' title='bbox 490 433 529 458; x_wconf 79' lang='lat' dir='ltr'><strong>ea</strong></span> <span class='ocrx_word' id='word_1_48' title='bbox 550 420 626 457; x_wconf 83' lang='lat' dir='ltr'><strong>vasa</strong></span> <span class='ocrx_word' id='word_1_49' title='bbox 646 431 665 455; x_wconf 86' lang='lat' dir='ltr'><strong>a</strong></span> <span class='ocrx_word' id='word_1_50' title='bbox 689 418 760 455; x_wconf 84' lang='lat' dir='ltr'><strong>sola</strong></span> <span class='ocrx_word' id='word_1_51' title='bbox 779 430 872 466; x_wconf 81' lang='lat' dir='ltr'><strong>pene</strong></span> <span class='ocrx_word' id='word_1_52' title='bbox 891 417 1001 455; x_wconf 83' lang='lat' dir='ltr'><strong>fluida</strong></span> <span class='ocrx_word' id='word_1_53' title='bbox 1028 419 1178 454; x_wconf 75' lang='lat' dir='ltr'><strong>materie</strong></span> <span class='ocrx_word' id='word_1_54' title='bbox 1193 417 1423 465; x_wconf 85' lang='lat' dir='ltr'><strong>colligentur.</strong></span> <span class='ocrx_word' id='word_1_55' title='bbox 1458 416 1620 454; x_wconf 84' lang='lat' dir='ltr'><strong>Firman-</strong></span> 
     </span>
     <span class='ocr_line' id='line_1_6' title="bbox 67 473 1621 526; baseline -0.003 -10"><span class='ocrx_word' id='word_1_56' title='bbox 67 487 127 517; x_wconf 88' lang='lat' dir='ltr'><strong>tur</strong></span> <span class='ocrx_word' id='word_1_57' title='bbox 151 479 252 516; x_wconf 80' lang='lat' dir='ltr'><strong>facile</strong></span> <span class='ocrx_word' id='word_1_58' title='bbox 275 478 400 515; x_wconf 83' lang='lat' dir='ltr'><strong>eadem</strong></span> <span class='ocrx_word' id='word_1_59' title='bbox 421 490 486 519; x_wconf 89' lang='lat' dir='ltr'><strong>eo,</strong></span> <span class='ocrx_word' id='word_1_60' title='bbox 515 475 617 526; x_wconf 86' lang='lat' dir='ltr'><strong>quod</strong></span> <span class='ocrx_word' id='word_1_61' title='bbox 638 475 752 512; x_wconf 88' lang='lat' dir='ltr'><strong>modo</strong></span> <span class='ocrx_word' id='word_1_62' title='bbox 772 474 932 511; x_wconf 77' lang='lat' dir='ltr'><strong>diximus</strong></span> <span class='ocrx_word' id='word_1_63' title='bbox 946 502 956 517; x_wconf 88' lang='lat'>‚</span> <span class='ocrx_word' id='word_1_64' title='bbox 976 474 1122 512; x_wconf 77' lang='lat' dir='ltr'><strong>auxilio.</strong></span> <span class='ocrx_word' id='word_1_65' title='bbox 1159 473 1295 511; x_wconf 82' lang='lat' dir='ltr'><strong>Eadem</strong></span> <span class='ocrx_word' id='word_1_66' title='bbox 1311 475 1386 512; x_wconf 86' lang='lat' dir='ltr'><strong>fere</strong></span> <span class='ocrx_word' id='word_1_67' title='bbox 1401 474 1547 524; x_wconf 50' lang='lat' dir='ltr'><strong>specie&amp;</strong></span> <span class='ocrx_word' id='word_1_68' title='bbox 1569 481 1621 511; x_wconf 87' lang='lat' dir='ltr'><strong>ta-</strong></span> 
     </span>
     <span class='ocr_line' id='line_1_7' title="bbox 67 531 880 584; baseline -0.006 -12"><span class='ocrx_word' id='word_1_69' title='bbox 67 547 154 572; x_wconf 85' lang='lat' dir='ltr'><strong>men</strong></span> <span class='ocrx_word' id='word_1_70' title='bbox 179 535 289 584; x_wconf 86' lang='lat' dir='ltr'><strong>paulo</strong></span> <span class='ocrx_word' id='word_1_71' title='bbox 313 534 452 571; x_wconf 88' lang='lat' dir='ltr'><strong>firmior</strong></span> <span class='ocrx_word' id='word_1_72' title='bbox 470 561 480 577; x_wconf 91' lang='lat'>‚</span> <span class='ocrx_word' id='word_1_73' title='bbox 513 532 805 569; x_wconf 83' lang='lat' dir='ltr'><strong>membranarum</strong></span> <span class='ocrx_word' id='word_1_74' title='bbox 824 531 880 567; x_wconf 86' lang='lat' dir='ltr'><strong>est.</strong></span> 
     </span>
    </p>
   </div>
   <div class='ocr_carea' id='block_1_4' title="bbox 68 610 1622 824">
    <p class='ocr_par' dir='ltr' id='par_1_4' title="bbox 68 610 1622 824">
     <span class='ocr_line' id='line_1_8' title="bbox 180 610 1620 653; baseline -0.003 0"><span class='ocrx_word' id='word_1_75' title='bbox 180 615 269 653; x_wconf 71' lang='lat' dir='ltr'><strong>Haec</strong></span> <span class='ocrx_word' id='word_1_76' title='bbox 289 614 371 652; x_wconf 80' lang='lat' dir='ltr'><strong>vidi.</strong></span> <span class='ocrx_word' id='word_1_77' title='bbox 416 614 529 651; x_wconf 82' lang='lat' dir='ltr'>Addit</span> <span class='ocrx_word' id='word_1_78' title='bbox 553 620 675 651; x_wconf 85' lang='lat' dir='ltr'><strong>autem</strong></span> <span class='ocrx_word' id='word_1_79' title='bbox 699 614 831 649; x_wconf 84' lang='lat' dir='ltr'><strong>mentis</strong></span> <span class='ocrx_word' id='word_1_80' title='bbox 857 611 1069 653; x_wconf 77' lang='lat' dir='ltr'><strong>meditatio,</strong></span> <span class='ocrx_word' id='word_1_81' title='bbox 1102 610 1207 648; x_wconf 83' lang='lat' dir='ltr'><strong>fibras</strong></span> <span class='ocrx_word' id='word_1_82' title='bbox 1234 612 1270 649; x_wconf 84' lang='lat'>&amp;</span> <span class='ocrx_word' id='word_1_83' title='bbox 1302 611 1484 649; x_wconf 88' lang='lat' dir='ltr'><strong>cellulosas</strong></span> <span class='ocrx_word' id='word_1_84' title='bbox 1516 612 1620 649; x_wconf 82' lang='lat' dir='ltr'><strong>lami-</strong></span> 
     </span>
     <span class='ocr_line' id='line_1_9' title="bbox 68 668 1621 721; baseline -0.004 -10"><span class='ocrx_word' id='word_1_85' title='bbox 68 686 130 712; x_wconf 84' lang='lat' dir='ltr'><strong>nas</strong></span> <span class='ocrx_word' id='word_1_86' title='bbox 148 702 157 716; x_wconf 92' lang='lat'>‚</span> <span class='ocrx_word' id='word_1_87' title='bbox 192 673 323 721; x_wconf 83' lang='lat' dir='ltr'><strong>quibus</strong></span> <span class='ocrx_word' id='word_1_88' title='bbox 350 683 483 720; x_wconf 86' lang='lat' dir='ltr'><strong>corpus</strong></span> <span class='ocrx_word' id='word_1_89' title='bbox 504 670 657 707; x_wconf 81' lang='lat' dir='ltr'><strong>animale</strong></span> <span class='ocrx_word' id='word_1_90' title='bbox 677 670 835 711; x_wconf 86' lang='lat' dir='ltr'><strong>constat,</strong></span> <span class='ocrx_word' id='word_1_91' title='bbox 866 679 910 704; x_wconf 86' lang='lat' dir='ltr'><strong>eo</strong></span> <span class='ocrx_word' id='word_1_92' title='bbox 934 675 1103 716; x_wconf 84' lang='lat' dir='ltr'><strong>tempore</strong></span> <span class='ocrx_word' id='word_1_93' title='bbox 1126 668 1332 716; x_wconf 69' lang='lat' dir='ltr'><strong>paucissima</strong></span> <span class='ocrx_word' id='word_1_94' title='bbox 1356 668 1533 706; x_wconf 79' lang='lat' dir='ltr'><strong>elementa</strong></span> <span class='ocrx_word' id='word_1_95' title='bbox 1551 677 1621 706; x_wconf 81' lang='lat' dir='ltr'><strong>ter-</strong></span> 
     </span>
     <span class='ocr_line' id='line_1_10' title="bbox 68 723 1622 777; baseline -0.005 -9"><span class='ocrx_word' id='word_1_96' title='bbox 68 743 128 768; x_wconf 84' lang='lat' dir='ltr'><strong>rea</strong></span> <span class='ocrx_word' id='word_1_97' title='bbox 152 728 306 771; x_wconf 79' lang='lat' dir='ltr'><strong>habere,</strong></span> <span class='ocrx_word' id='word_1_98' title='bbox 342 729 437 765; x_wconf 86' lang='lat' dir='ltr'><strong>inter</strong></span> <span class='ocrx_word' id='word_1_99' title='bbox 459 739 539 777; x_wconf 85' lang='lat' dir='ltr'><strong>quae</strong></span> <span class='ocrx_word' id='word_1_100' title='bbox 560 726 761 776; x_wconf 87' lang='lat' dir='ltr'><strong>plurimum</strong></span> <span class='ocrx_word' id='word_1_101' title='bbox 788 725 916 775; x_wconf 82' lang='lat' dir='ltr'><strong>gluten</strong></span> <span class='ocrx_word' id='word_1_102' title='bbox 935 723 1190 773; x_wconf 86' lang='lat' dir='ltr'><strong>interpofitum</strong></span> <span class='ocrx_word' id='word_1_103' title='bbox 1207 754 1218 769; x_wconf 93' lang='lat'>,</span> <span class='ocrx_word' id='word_1_104' title='bbox 1250 725 1378 763; x_wconf 85' lang='lat' dir='ltr'><strong>fibram</strong></span> <span class='ocrx_word' id='word_1_105' title='bbox 1395 753 1407 767; x_wconf 89' lang='lat'>,</span> <span class='ocrx_word' id='word_1_106' title='bbox 1433 724 1622 763; x_wconf 85' lang='lat' dir='ltr'><strong>laminam-</strong></span> 
     </span>
     <span class='ocr_line' id='line_1_11' title="bbox 70 785 305 824; baseline -0.013 0"><span class='ocrx_word' id='word_1_107' title='bbox 70 799 114 824; x_wconf 88' lang='lat' dir='ltr'><strong>ve</strong></span> <span class='ocrx_word' id='word_1_108' title='bbox 139 785 305 824; x_wconf 84' lang='lat' dir='ltr'><strong>absolvat.</strong></span> 
     </span>
    </p>
   </div>
   <div class='ocr_carea' id='block_1_5' title="bbox 68 862 1627 1197">
    <p class='ocr_par' dir='ltr' id='par_1_5' title="bbox 68 862 1627 1197">
     <span class='ocr_line' id='line_1_12' title="bbox 181 862 1623 913; baseline -0.001 -9"><span class='ocrx_word' id='word_1_109' title='bbox 181 866 225 905; x_wconf 89' lang='lat' dir='ltr'><strong>In</strong></span> <span class='ocrx_word' id='word_1_110' title='bbox 255 864 387 904; x_wconf 84' lang='lat' dir='ltr'><strong>offibus</strong></span> <span class='ocrx_word' id='word_1_111' title='bbox 418 862 630 913; x_wconf 78' lang='lat' dir='ltr'><strong>exemplum</strong></span> <span class='ocrx_word' id='word_1_112' title='bbox 659 862 832 901; x_wconf 81' lang='lat' dir='ltr'><strong>habemus</strong></span> <span class='ocrx_word' id='word_1_113' title='bbox 849 891 858 905; x_wconf 85' lang='lat'>‚</span> <span class='ocrx_word' id='word_1_114' title='bbox 894 863 931 900; x_wconf 91' lang='lat' dir='ltr'><strong>in</strong></span> <span class='ocrx_word' id='word_1_115' title='bbox 955 863 1086 912; x_wconf 78' lang='lat' dir='ltr'><strong>quibus</strong></span> <span class='ocrx_word' id='word_1_116' title='bbox 1111 874 1191 912; x_wconf 81' lang='lat' dir='ltr'><strong>pars</strong></span> <span class='ocrx_word' id='word_1_117' title='bbox 1216 862 1334 900; x_wconf 83' lang='lat' dir='ltr'><strong>media</strong></span> <span class='ocrx_word' id='word_1_118' title='bbox 1353 892 1364 906; x_wconf 90' lang='lat'>‚</span> <span class='ocrx_word' id='word_1_119' title='bbox 1397 875 1476 913; x_wconf 85' lang='lat' dir='ltr'><strong>quae</strong></span> <span class='ocrx_word' id='word_1_120' title='bbox 1506 863 1623 912; x_wconf 84' lang='lat' dir='ltr'><strong>prima</strong></span> 
     </span>
     <span class='ocr_line' id='line_1_13' title="bbox 68 919 1622 972; baseline -0.003 -11"><span class='ocrx_word' id='word_1_121' title='bbox 68 930 150 961; x_wconf 89' lang='lat' dir='ltr'><strong>ante</strong></span> <span class='ocrx_word' id='word_1_122' title='bbox 167 923 320 972; x_wconf 83' lang='lat' dir='ltr'><strong>reliquas</strong></span> <span class='ocrx_word' id='word_1_123' title='bbox 336 923 465 971; x_wconf 86' lang='lat' dir='ltr'>incipit</span> <span class='ocrx_word' id='word_1_124' title='bbox 478 920 674 962; x_wconf 86' lang='lat' dir='ltr'><strong>durescere,</strong></span> <span class='ocrx_word' id='word_1_125' title='bbox 691 932 710 957; x_wconf 88' lang='lat' dir='ltr'><strong>a</strong></span> <span class='ocrx_word' id='word_1_126' title='bbox 731 921 914 969; x_wconf 86' lang='lat' dir='ltr'><strong>principio</strong></span> <span class='ocrx_word' id='word_1_127' title='bbox 935 919 1196 968; x_wconf 79' lang='lat' dir='ltr'><strong>angustiffima,</strong></span> <span class='ocrx_word' id='word_1_128' title='bbox 1230 923 1410 957; x_wconf 90' lang='lat' dir='ltr'><strong>continuo</strong></span> <span class='ocrx_word' id='word_1_129' title='bbox 1434 920 1622 960; x_wconf 79' lang='lat' dir='ltr'><strong>dilatatur:</strong></span> 
     </span>
     <span class='ocr_line' id='line_1_14' title="bbox 68 975 1627 1029; baseline -0.003 -12"><span class='ocrx_word' id='word_1_130' title='bbox 68 981 108 1017; x_wconf 89' lang='lat' dir='ltr'><strong>in</strong></span> <span class='ocrx_word' id='word_1_131' title='bbox 134 979 296 1029; x_wconf 85' lang='lat' dir='ltr'><strong>epiphyfi</strong></span> <span class='ocrx_word' id='word_1_132' title='bbox 324 991 411 1019; x_wconf 85' lang='lat' dir='ltr'><strong>vero</strong></span> <span class='ocrx_word' id='word_1_133' title='bbox 429 1007 438 1021; x_wconf 86' lang='lat'>‚</span> <span class='ocrx_word' id='word_1_134' title='bbox 470 977 583 1026; x_wconf 83' lang='lat' dir='ltr'><strong>longe</strong></span> <span class='ocrx_word' id='word_1_135' title='bbox 607 976 650 1014; x_wconf 84' lang='lat' dir='ltr'><strong>ab</strong></span> <span class='ocrx_word' id='word_1_136' title='bbox 677 989 721 1014; x_wconf 90' lang='lat' dir='ltr'><strong>eo</strong></span> <span class='ocrx_word' id='word_1_137' title='bbox 745 985 872 1013; x_wconf 87' lang='lat' dir='ltr'><strong>centro</strong></span> <span class='ocrx_word' id='word_1_138' title='bbox 891 976 1042 1014; x_wconf 81' lang='lat' dir='ltr'><strong>distante</strong></span> <span class='ocrx_word' id='word_1_139' title='bbox 1058 1005 1068 1019; x_wconf 84' lang='lat'><strong>,</strong></span> <span class='ocrx_word' id='word_1_140' title='bbox 1101 976 1198 1014; x_wconf 85' lang='lat' dir='ltr'><strong>aliud</strong></span> <span class='ocrx_word' id='word_1_141' title='bbox 1224 985 1391 1014; x_wconf 83' lang='lat' dir='ltr'><strong>centrum</strong></span> <span class='ocrx_word' id='word_1_142' title='bbox 1417 975 1554 1014; x_wconf 88' lang='lat' dir='ltr'><strong>offeum</strong></span> <span class='ocrx_word' id='word_1_143' title='bbox 1571 977 1627 1013; x_wconf 87' lang='lat' dir='ltr'><strong>in-</strong></span> 
     </span>
     <span class='ocr_line' id='line_1_15' title="bbox 70 1031 1626 1085; baseline -0.002 -12"><span class='ocrx_word' id='word_1_144' title='bbox 70 1037 161 1085; x_wconf 86' lang='lat' dir='ltr'>cipit</span> <span class='ocrx_word' id='word_1_145' title='bbox 184 1036 354 1073; x_wconf 83' lang='lat' dir='ltr'><strong>subnasci.</strong></span> <span class='ocrx_word' id='word_1_146' title='bbox 404 1034 446 1072; x_wconf 91' lang='lat' dir='ltr'><strong>In</strong></span> <span class='ocrx_word' id='word_1_147' title='bbox 467 1033 600 1072; x_wconf 83' lang='lat' dir='ltr'><strong>offibus</strong></span> <span class='ocrx_word' id='word_1_148' title='bbox 620 1033 770 1070; x_wconf 90' lang='lat' dir='ltr'><strong>demum</strong></span> <span class='ocrx_word' id='word_1_149' title='bbox 795 1034 907 1070; x_wconf 83' lang='lat' dir='ltr'><strong>cranii</strong></span> <span class='ocrx_word' id='word_1_150' title='bbox 929 1032 1049 1070; x_wconf 85' lang='lat' dir='ltr'><strong>videas</strong></span> <span class='ocrx_word' id='word_1_151' title='bbox 1074 1034 1140 1070; x_wconf 87' lang='lat' dir='ltr'><strong>tria</strong></span> <span class='ocrx_word' id='word_1_152' title='bbox 1160 1062 1169 1075; x_wconf 98' lang='lat'>‚</span> <span class='ocrx_word' id='word_1_153' title='bbox 1203 1034 1378 1082; x_wconf 84' lang='lat' dir='ltr'><strong>quinque,</strong></span> <span class='ocrx_word' id='word_1_154' title='bbox 1392 1042 1514 1070; x_wconf 89' lang='lat' dir='ltr'><strong>centra</strong></span> <span class='ocrx_word' id='word_1_155' title='bbox 1532 1031 1626 1070; x_wconf 77' lang='lat' dir='ltr'><strong>offea</strong></span> 
     </span>
     <span class='ocr_line' id='line_1_16' title="bbox 71 1088 1627 1140; baseline -0.001 -11"><span class='ocrx_word' id='word_1_156' title='bbox 71 1104 118 1130; x_wconf 79' lang='lat' dir='ltr'><strong>ex</strong></span> <span class='ocrx_word' id='word_1_157' title='bbox 142 1092 282 1140; x_wconf 86' lang='lat' dir='ltr'><strong>glutine</strong></span> <span class='ocrx_word' id='word_1_158' title='bbox 303 1092 478 1133; x_wconf 81' lang='lat' dir='ltr'><strong>emicare,</strong></span> <span class='ocrx_word' id='word_1_159' title='bbox 501 1102 580 1139; x_wconf 83' lang='lat' dir='ltr'><strong>quae</strong></span> <span class='ocrx_word' id='word_1_160' title='bbox 603 1088 753 1127; x_wconf 89' lang='lat' dir='ltr'><strong>demum</strong></span> <span class='ocrx_word' id='word_1_161' title='bbox 772 1090 876 1126; x_wconf 59' lang='lat' dir='ltr'><strong>aufto</strong></span> <span class='ocrx_word' id='word_1_162' title='bbox 903 1097 1005 1126; x_wconf 84' lang='lat' dir='ltr'><strong>terrae</strong></span> <span class='ocrx_word' id='word_1_163' title='bbox 1023 1089 1216 1131; x_wconf 86' lang='lat' dir='ltr'><strong>elemento,</strong></span> <span class='ocrx_word' id='word_1_164' title='bbox 1230 1088 1409 1127; x_wconf 86' lang='lat' dir='ltr'><strong>diminuta</strong></span> <span class='ocrx_word' id='word_1_165' title='bbox 1429 1091 1538 1138; x_wconf 84' lang='lat' dir='ltr'><strong>partis</strong></span> <span class='ocrx_word' id='word_1_166' title='bbox 1564 1089 1627 1127; x_wconf 88' lang='lat' dir='ltr'><strong>fle-</strong></span> 
     </span>
     <span class='ocr_line' id='line_1_17' title="bbox 71 1146 1593 1197; baseline -0.001 -12"><span class='ocrx_word' id='word_1_167' title='bbox 71 1148 155 1185; x_wconf 85' lang='lat' dir='ltr'><strong>xilis</strong></span> <span class='ocrx_word' id='word_1_168' title='bbox 185 1150 360 1197; x_wconf 83' lang='lat' dir='ltr'><strong>portione</strong></span> <span class='ocrx_word' id='word_1_169' title='bbox 379 1175 389 1190; x_wconf 94' lang='lat'><em>,</em></span> <span class='ocrx_word' id='word_1_170' title='bbox 423 1148 647 1184; x_wconf 87' lang='lat' dir='ltr'><strong>incrementa</strong></span> <span class='ocrx_word' id='word_1_171' title='bbox 675 1146 813 1193; x_wconf 78' lang='lat' dir='ltr'><strong>majora</strong></span> <span class='ocrx_word' id='word_1_172' title='bbox 843 1147 1015 1195; x_wconf 86' lang='lat' dir='ltr'><strong>capiunt,</strong></span> <span class='ocrx_word' id='word_1_173' title='bbox 1049 1147 1085 1183; x_wconf 82' lang='lat'>&amp;</span> <span class='ocrx_word' id='word_1_174' title='bbox 1110 1147 1149 1183; x_wconf 88' lang='lat' dir='ltr'><strong>in</strong></span> <span class='ocrx_word' id='word_1_175' title='bbox 1170 1158 1286 1184; x_wconf 91' lang='lat' dir='ltr'><strong>unum</strong></span> <span class='ocrx_word' id='word_1_176' title='bbox 1314 1159 1356 1184; x_wconf 84' lang='lat' dir='ltr'><strong>os</strong></span> <span class='ocrx_word' id='word_1_177' title='bbox 1379 1146 1593 1184; x_wconf 85' lang='lat' dir='ltr'><strong>coalescunt.</strong></span> 
     </span>
    </p>
   </div>
   <div class='ocr_carea' id='block_1_6' title="bbox 71 1226 1626 1335">
    <p class='ocr_par' dir='ltr' id='par_1_6' title="bbox 71 1226 1626 1335">
     <span class='ocr_line' id='line_1_18' title="bbox 185 1226 1626 1277; baseline -0.001 -11"><span class='ocrx_word' id='word_1_178' title='bbox 185 1228 328 1267; x_wconf 89' lang='lat' dir='ltr'><strong>Eodem</strong></span> <span class='ocrx_word' id='word_1_179' title='bbox 353 1227 470 1265; x_wconf 87' lang='lat' dir='ltr'><strong>modo</strong></span> <span class='ocrx_word' id='word_1_180' title='bbox 497 1228 535 1264; x_wconf 90' lang='lat' dir='ltr'><strong>in</strong></span> <span class='ocrx_word' id='word_1_181' title='bbox 559 1226 646 1263; x_wconf 89' lang='lat' dir='ltr'><strong>fibra</strong></span> <span class='ocrx_word' id='word_1_182' title='bbox 676 1226 868 1263; x_wconf 80' lang='lat' dir='ltr'><strong>masculari</strong></span> <span class='ocrx_word' id='word_1_183' title='bbox 888 1255 897 1270; x_wconf 88' lang='lat'>‚</span> <span class='ocrx_word' id='word_1_184' title='bbox 930 1228 968 1264; x_wconf 90' lang='lat' dir='ltr'><strong>in</strong></span> <span class='ocrx_word' id='word_1_185' title='bbox 990 1227 1069 1264; x_wconf 89' lang='lat' dir='ltr'><strong>vase</strong></span> <span class='ocrx_word' id='word_1_186' title='bbox 1085 1255 1095 1270; x_wconf 81' lang='lat'>,</span> <span class='ocrx_word' id='word_1_187' title='bbox 1127 1228 1164 1264; x_wconf 87' lang='lat' dir='ltr'><strong>in</strong></span> <span class='ocrx_word' id='word_1_188' title='bbox 1189 1228 1398 1265; x_wconf 75' lang='lat' dir='ltr'><strong>membra-na</strong></span> <span class='ocrx_word' id='word_1_189' title='bbox 1416 1235 1535 1277; x_wconf 79' lang='lat' dir='ltr'><strong>partes</strong></span> <span class='ocrx_word' id='word_1_190' title='bbox 1554 1233 1626 1265; x_wconf 87' lang='lat' dir='ltr'><strong>ter-</strong></span> 
     </span>
     <span class='ocr_line' id='line_1_19' title="bbox 71 1281 1349 1335; baseline -0.003 -10"><span class='ocrx_word' id='word_1_191' title='bbox 71 1298 147 1325; x_wconf 83' lang='lat' dir='ltr'><strong>reas</strong></span> <span class='ocrx_word' id='word_1_192' title='bbox 168 1315 178 1330; x_wconf 89' lang='lat'>‚</span> <span class='ocrx_word' id='word_1_193' title='bbox 211 1284 308 1335; x_wconf 88' lang='lat' dir='ltr'><strong>quafi</strong></span> <span class='ocrx_word' id='word_1_194' title='bbox 332 1284 459 1322; x_wconf 88' lang='lat' dir='ltr'><strong>insulas</strong></span> <span class='ocrx_word' id='word_1_195' title='bbox 476 1312 487 1326; x_wconf 93' lang='lat'>,</span> <span class='ocrx_word' id='word_1_196' title='bbox 518 1295 583 1333; x_wconf 86' lang='lat' dir='ltr'><strong>per</strong></span> <span class='ocrx_word' id='word_1_197' title='bbox 604 1281 763 1321; x_wconf 82' lang='lat' dir='ltr'><strong>multum</strong></span> <span class='ocrx_word' id='word_1_198' title='bbox 784 1284 871 1332; x_wconf 86' lang='lat' dir='ltr'><strong>gelu</strong></span> <span class='ocrx_word' id='word_1_199' title='bbox 892 1290 1050 1321; x_wconf 83' lang='lat' dir='ltr'><strong>remotas</strong></span> <span class='ocrx_word' id='word_1_200' title='bbox 1077 1284 1195 1333; x_wconf 80' lang='lat' dir='ltr'><strong>spargi</strong></span> <span class='ocrx_word' id='word_1_201' title='bbox 1219 1283 1349 1322; x_wconf 86' lang='lat' dir='ltr'><strong>videas.</strong></span> 
     </span>
    </p>
   </div>
   <div class='ocr_carea' id='block_1_7' title="bbox 72 1365 1631 1528">
    <p class='ocr_par' dir='ltr' id='par_1_7' title="bbox 72 1365 1631 1528">
     <span class='ocr_line' id='line_1_20' title="bbox 186 1365 1630 1415; baseline -0.001 -10"><span class='ocrx_word' id='word_1_202' title='bbox 186 1366 242 1405; x_wconf 82' lang='lat' dir='ltr'><strong>Ex</strong></span> <span class='ocrx_word' id='word_1_203' title='bbox 269 1378 313 1404; x_wconf 90' lang='lat' dir='ltr'><strong>eo</strong></span> <span class='ocrx_word' id='word_1_204' title='bbox 351 1366 441 1403; x_wconf 82' lang='lat' dir='ltr'><strong>statu</strong></span> <span class='ocrx_word' id='word_1_205' title='bbox 467 1376 566 1402; x_wconf 87' lang='lat' dir='ltr'><strong>nunc</strong></span> <span class='ocrx_word' id='word_1_206' title='bbox 594 1370 744 1413; x_wconf 83' lang='lat' dir='ltr'><strong>oportet</strong></span> <span class='ocrx_word' id='word_1_207' title='bbox 771 1365 958 1402; x_wconf 85' lang='lat' dir='ltr'><strong>ostendere</strong></span> <span class='ocrx_word' id='word_1_208' title='bbox 977 1393 986 1407; x_wconf 89' lang='lat'>,</span> <span class='ocrx_word' id='word_1_209' title='bbox 1024 1374 1066 1403; x_wconf 87' lang='lat' dir='ltr'><strong>ut</strong></span> <span class='ocrx_word' id='word_1_210' title='bbox 1098 1365 1250 1415; x_wconf 81' lang='lat' dir='ltr'><strong>embryo</strong></span> <span class='ocrx_word' id='word_1_211' title='bbox 1282 1373 1442 1414; x_wconf 81' lang='lat' dir='ltr'><strong>emergat</strong></span> <span class='ocrx_word' id='word_1_212' title='bbox 1463 1394 1473 1408; x_wconf 95' lang='lat'>,</span> <span class='ocrx_word' id='word_1_213' title='bbox 1507 1365 1630 1415; x_wconf 87' lang='lat' dir='ltr'><strong>quoad</strong></span> 
     </span>
     <span class='ocr_line' id='line_1_21' title="bbox 73 1421 1631 1472; baseline -0.003 -10"><span class='ocrx_word' id='word_1_214' title='bbox 73 1423 193 1462; x_wconf 88' lang='lat' dir='ltr'><strong>multo</strong></span> <span class='ocrx_word' id='word_1_215' title='bbox 221 1430 388 1472; x_wconf 88' lang='lat' dir='ltr'><strong>tempore</strong></span> <span class='ocrx_word' id='word_1_216' title='bbox 402 1450 413 1465; x_wconf 88' lang='lat'>,</span> <span class='ocrx_word' id='word_1_217' title='bbox 447 1422 484 1458; x_wconf 88' lang='lat'>&amp;</span> <span class='ocrx_word' id='word_1_218' title='bbox 509 1421 662 1470; x_wconf 87' lang='lat' dir='ltr'><strong>repetita</strong></span> <span class='ocrx_word' id='word_1_219' title='bbox 684 1421 869 1459; x_wconf 85' lang='lat' dir='ltr'><strong>causarum</strong></span> <span class='ocrx_word' id='word_1_220' title='bbox 887 1422 1141 1460; x_wconf 80' lang='lat' dir='ltr'><strong>formatricum</strong></span> <span class='ocrx_word' id='word_1_221' title='bbox 1163 1434 1298 1472; x_wconf 84' lang='lat' dir='ltr'><strong>opera,</strong></span> <span class='ocrx_word' id='word_1_222' title='bbox 1322 1422 1480 1471; x_wconf 86' lang='lat' dir='ltr'><strong>denique</strong></span> <span class='ocrx_word' id='word_1_223' title='bbox 1499 1423 1538 1459; x_wconf 86' lang='lat' dir='ltr'><strong>in</strong></span> <span class='ocrx_word' id='word_1_224' title='bbox 1554 1434 1631 1459; x_wconf 85' lang='lat' dir='ltr'><strong>ma-</strong></span> 
     </span>
     <span class='ocr_line' id='line_1_22' title="bbox 72 1477 574 1528; baseline -0.006 -10"><span class='ocrx_word' id='word_1_225' title='bbox 72 1487 198 1519; x_wconf 85' lang='lat' dir='ltr'><strong>turum</strong></span> <span class='ocrx_word' id='word_1_226' title='bbox 222 1479 338 1517; x_wconf 81' lang='lat' dir='ltr'><strong>fetum</strong></span> <span class='ocrx_word' id='word_1_227' title='bbox 359 1477 574 1528; x_wconf 83' lang='lat' dir='ltr'><strong>perficiatur.</strong></span> 
     </span>
    </p>
   </div>
   <div class='ocr_carea' id='block_1_8' title="bbox 48 1558 1629 1725">
    <p class='ocr_par' dir='ltr' id='par_1_8' title="bbox 48 1558 1629 1725">
     <span class='ocr_line' id='line_1_23' title="bbox 186 1558 1628 1610; baseline -0.001 -12"><span class='ocrx_word' id='word_1_228' title='bbox 186 1561 378 1610; x_wconf 82' lang='lat' dir='ltr'><strong>Eleganter</strong></span> <span class='ocrx_word' id='word_1_229' title='bbox 402 1559 530 1597; x_wconf 85' lang='lat' dir='ltr'><strong>fibram</strong></span> <span class='ocrx_word' id='word_1_230' title='bbox 549 1588 560 1602; x_wconf 91' lang='lat'>,</span> <span class='ocrx_word' id='word_1_231' title='bbox 591 1566 768 1609; x_wconf 82' lang='lat' dir='ltr'><strong>quantum</strong></span> <span class='ocrx_word' id='word_1_232' title='bbox 792 1558 837 1596; x_wconf 83' lang='lat' dir='ltr'><strong>ad</strong></span> <span class='ocrx_word' id='word_1_233' title='bbox 853 1559 1096 1597; x_wconf 82' lang='lat' dir='ltr'><strong>nutritionem</strong></span> <span class='ocrx_word' id='word_1_234' title='bbox 1117 1560 1284 1608; x_wconf 88' lang='lat' dir='ltr'><strong>pertinet,</strong></span> <span class='ocrx_word' id='word_1_235' title='bbox 1315 1559 1502 1598; x_wconf 78' lang='lat' dir='ltr'>CAROLUS</span> <span class='ocrx_word' id='word_1_236' title='bbox 1523 1559 1628 1598; x_wconf 70' lang='lat' dir='ltr'><strong>Bon-</strong></span> 
     </span>
     <span class='ocr_line' id='line_1_24' title="bbox 75 1616 1629 1665; baseline -0.001 -10"><span class='ocrx_word' id='word_1_237' title='bbox 75 1630 156 1656; x_wconf 62' lang='lat' dir='ltr'><strong>HET</strong></span> <span class='ocrx_word' id='word_1_238' title='bbox 188 1626 230 1656; x_wconf 90' lang='lat' dir='ltr'><strong>ut</strong></span> <span class='ocrx_word' id='word_1_239' title='bbox 260 1624 336 1654; x_wconf 86' lang='lat' dir='ltr'><strong>rete</strong></span> <span class='ocrx_word' id='word_1_240' title='bbox 370 1616 571 1654; x_wconf 70' lang='lat' dir='ltr'><strong>considerat</strong></span> <span class='ocrx_word' id='word_1_241' title='bbox 591 1646 602 1659; x_wconf 87' lang='lat'>‚</span> <span class='ocrx_word' id='word_1_242' title='bbox 625 1619 664 1653; x_wconf 91' lang='lat' dir='ltr'><strong>in</strong></span> <span class='ocrx_word' id='word_1_243' title='bbox 683 1616 884 1665; x_wconf 86' lang='lat' dir='ltr'><strong>embryone</strong></span> <span class='ocrx_word' id='word_1_244' title='bbox 908 1616 1046 1658; x_wconf 85' lang='lat' dir='ltr'><strong>laxius,</strong></span> <span class='ocrx_word' id='word_1_245' title='bbox 1072 1617 1111 1653; x_wconf 87' lang='lat' dir='ltr'><strong>in</strong></span> <span class='ocrx_word' id='word_1_246' title='bbox 1134 1617 1235 1663; x_wconf 86' lang='lat' dir='ltr'><strong>cujus</strong></span> <span class='ocrx_word' id='word_1_247' title='bbox 1257 1616 1393 1655; x_wconf 84' lang='lat' dir='ltr'><strong>areolas</strong></span> <span class='ocrx_word' id='word_1_248' title='bbox 1414 1617 1629 1654; x_wconf 76' lang='lat' dir='ltr'><strong>alimentum</strong></span> 
     </span>
     <span class='ocr_line' id='line_1_25' title="bbox 48 1672 417 1725; baseline -0.005 -13"><span class='ocrx_word' id='word_1_249' title='bbox 48 1719 51 1721; x_wconf 28' lang='grc'><strong>,</strong></span> <span class='ocrx_word' id='word_1_250' title='bbox 73 1674 215 1725; x_wconf 89' lang='lat' dir='ltr'><strong>deponi</strong></span> <span class='ocrx_word' id='word_1_251' title='bbox 239 1673 275 1722; x_wconf 78' lang='lat' dir='ltr'><strong>q)</strong></span> <span class='ocrx_word' id='word_1_252' title='bbox 301 1672 417 1723; x_wconf 70' lang='lat' dir='ltr'><strong>possit,</strong></span> 
     </span>
    </p>
   </div>
   <div class='ocr_carea' id='block_1_9' title="bbox 378 1782 1332 1833">
    <p class='ocr_par' dir='ltr' id='par_1_9' title="bbox 378 1782 1332 1833">
     <span class='ocr_line' id='line_1_26' title="bbox 378 1782 1332 1833; baseline -0.001 -10"><span class='ocrx_word' id='word_1_253' title='bbox 378 1789 410 1831; x_wconf 65' lang='grc' dir='ltr'><strong>ἓ.</strong></span> <span class='ocrx_word' id='word_1_254' title='bbox 443 1783 513 1823; x_wconf 90' lang='grc' dir='ltr'><strong>ΧΙ.</strong></span> <span class='ocrx_word' id='word_1_255' title='bbox 576 1782 690 1833; x_wconf 81' lang='lat' dir='ltr'><strong>Causae</strong></span> <span class='ocrx_word' id='word_1_256' title='bbox 719 1789 832 1821; x_wconf 85' lang='lat' dir='ltr'><strong>motus</strong></span> <span class='ocrx_word' id='word_1_257' title='bbox 851 1783 1044 1833; x_wconf 77' lang='lat' dir='ltr'><strong>sanguinis</strong></span> <span class='ocrx_word' id='word_1_258' title='bbox 1074 1783 1113 1820; x_wconf 83' lang='lat' dir='ltr'><strong>in</strong></span> <span class='ocrx_word' id='word_1_259' title='bbox 1142 1783 1332 1832; x_wconf 77' lang='lat' dir='ltr'><strong>emhryone.</strong></span> 
     </span>
    </p>
   </div>
   <div class='ocr_carea' id='block_1_10' title="bbox 71 1874 1632 2160">
    <p class='ocr_par' dir='ltr' id='par_1_10' title="bbox 71 1874 1632 2107">
     <span class='ocr_line' id='line_1_27' title="bbox 189 1874 1632 1925; baseline -0.001 -11"><span class='ocrx_word' id='word_1_260' title='bbox 189 1875 261 1916; x_wconf 86' lang='lat' dir='ltr'><strong>Aer</strong></span> <span class='ocrx_word' id='word_1_261' title='bbox 276 1875 313 1921; x_wconf 80' lang='lat' dir='ltr'><strong>a)</strong></span> <span class='ocrx_word' id='word_1_262' title='bbox 335 1875 563 1925; x_wconf 87' lang='lat' dir='ltr'><strong>peculiariter</strong></span> <span class='ocrx_word' id='word_1_263' title='bbox 588 1875 732 1913; x_wconf 84' lang='lat' dir='ltr'><strong>videtur</strong></span> <span class='ocrx_word' id='word_1_264' title='bbox 752 1874 967 1917; x_wconf 83' lang='lat' dir='ltr'><strong>albuminis,</strong></span> <span class='ocrx_word' id='word_1_265' title='bbox 991 1874 1027 1911; x_wconf 88' lang='lat'>&amp;</span> <span class='ocrx_word' id='word_1_266' title='bbox 1044 1874 1157 1912; x_wconf 82' lang='lat' dir='ltr'><strong>vitelli</strong></span> <span class='ocrx_word' id='word_1_267' title='bbox 1180 1882 1326 1913; x_wconf 89' lang='lat' dir='ltr'><strong>motum</strong></span> <span class='ocrx_word' id='word_1_268' title='bbox 1348 1874 1391 1912; x_wconf 90' lang='lat' dir='ltr'><strong>ad</strong></span> <span class='ocrx_word' id='word_1_269' title='bbox 1407 1875 1523 1914; x_wconf 78' lang='lat' dir='ltr'><strong>fetum</strong></span> <span class='ocrx_word' id='word_1_270' title='bbox 1544 1887 1632 1925; x_wconf 79' lang='lat' dir='ltr'><strong>pro-</strong></span> 
     </span>
     <span class='ocr_line' id='line_1_28' title="bbox 77 1929 1632 1980; baseline -0.001 -9"><span class='ocrx_word' id='word_1_271' title='bbox 77 1945 231 1971; x_wconf 84' lang='lat' dir='ltr'><strong>movere</strong></span> <span class='ocrx_word' id='word_1_272' title='bbox 250 1946 261 1979; x_wconf 84' lang='lat'>3</span> <span class='ocrx_word' id='word_1_273' title='bbox 294 1945 379 1971; x_wconf 88' lang='lat' dir='ltr'><strong>cum</strong></span> <span class='ocrx_word' id='word_1_274' title='bbox 402 1944 517 1969; x_wconf 89' lang='lat' dir='ltr'><strong>ovum</strong></span> <span class='ocrx_word' id='word_1_275' title='bbox 542 1945 561 1968; x_wconf 90' lang='lat' dir='ltr'><strong>a</strong></span> <span class='ocrx_word' id='word_1_276' title='bbox 586 1939 700 1969; x_wconf 82' lang='lat' dir='ltr'><strong>matre</strong></span> <span class='ocrx_word' id='word_1_277' title='bbox 727 1931 926 1980; x_wconf 82' lang='lat' dir='ltr'><strong>separatum</strong></span> <span class='ocrx_word' id='word_1_278' title='bbox 953 1929 1018 1967; x_wconf 79' lang='lat' dir='ltr'><strong>fit:</strong></span> <span class='ocrx_word' id='word_1_279' title='bbox 1057 1930 1102 1968; x_wconf 89' lang='lat' dir='ltr'><strong>In</strong></span> <span class='ocrx_word' id='word_1_280' title='bbox 1126 1931 1279 1969; x_wconf 89' lang='lat' dir='ltr'><strong>homine</strong></span> <span class='ocrx_word' id='word_1_281' title='bbox 1305 1932 1343 1969; x_wconf 90' lang='lat' dir='ltr'><strong>id</strong></span> <span class='ocrx_word' id='word_1_282' title='bbox 1363 1930 1526 1970; x_wconf 83' lang='lat' dir='ltr'><strong>officium</strong></span> <span class='ocrx_word' id='word_1_283' title='bbox 1550 1944 1632 1970; x_wconf 90' lang='lat' dir='ltr'><strong>cor-</strong></span> 
     </span>
     <span class='ocr_line' id='line_1_29' title="bbox 71 1987 1632 2038; baseline -0.001 -11"><span class='ocrx_word' id='word_1_284' title='bbox 71 1989 135 2027; x_wconf 84' lang='lat' dir='ltr'><strong>-dis</strong></span> <span class='ocrx_word' id='word_1_285' title='bbox 159 1991 312 2027; x_wconf 85' lang='lat' dir='ltr'><strong>materni</strong></span> <span class='ocrx_word' id='word_1_286' title='bbox 337 1989 388 2026; x_wconf 87' lang='lat' dir='ltr'><strong>est</strong></span> <span class='ocrx_word' id='word_1_287' title='bbox 408 2017 418 2031; x_wconf 91' lang='lat'>,</span> <span class='ocrx_word' id='word_1_288' title='bbox 461 1988 562 2038; x_wconf 87' lang='lat' dir='ltr'><strong>quod</strong></span> <span class='ocrx_word' id='word_1_289' title='bbox 579 2017 590 2032; x_wconf 90' lang='lat'>‚</span> <span class='ocrx_word' id='word_1_290' title='bbox 627 2000 693 2038; x_wconf 89' lang='lat' dir='ltr'><strong>per</strong></span> <span class='ocrx_word' id='word_1_291' title='bbox 722 1989 866 2025; x_wconf 83' lang='lat' dir='ltr'><strong>arterias</strong></span> <span class='ocrx_word' id='word_1_292' title='bbox 897 1988 1023 2030; x_wconf 75' lang='lat' dir='ltr'><strong>uteri,</strong></span> <span class='ocrx_word' id='word_1_293' title='bbox 1065 1989 1104 2024; x_wconf 86' lang='lat' dir='ltr'><strong>in</strong></span> <span class='ocrx_word' id='word_1_294' title='bbox 1134 1987 1338 2037; x_wconf 79' lang='lat' dir='ltr'><strong>placentam</strong></span> <span class='ocrx_word' id='word_1_295' title='bbox 1354 2017 1365 2032; x_wconf 90' lang='lat'>,</span> <span class='ocrx_word' id='word_1_296' title='bbox 1408 1991 1632 2027; x_wconf 84' lang='lat' dir='ltr'><strong>nutrientem</strong></span> 
     </span>
     <span class='ocr_line' id='line_1_30' title="bbox 79 2044 1630 2107; baseline -0.004 -23"><span class='ocrx_word' id='word_1_297' title='bbox 79 2047 267 2084; x_wconf 80' lang='lat' dir='ltr'><strong>materiam</strong></span> <span class='ocrx_word' id='word_1_298' title='bbox 295 2047 407 2083; x_wconf 82' lang='lat' dir='ltr'><strong>mittit</strong></span> <span class='ocrx_word' id='word_1_299' title='bbox 426 2044 474 2089; x_wconf 82' lang='lat' dir='ltr'><strong>h).</strong></span> <span class='ocrx_word' id='word_1_300' title='bbox 1563 2068 1630 2107; x_wconf 64' lang='lat' dir='ltr'><strong>Vis</strong></span> 
     </span>
    </p>

    <p class='ocr_par' dir='ltr' id='par_1_11' title="bbox 120 2122 377 2160">
     <span class='ocr_line' id='line_1_31' title="bbox 120 2122 377 2160; baseline -0.008 -6"><span class='ocrx_word' id='word_1_301' title='bbox 120 2124 155 2156; x_wconf 80' lang='lat' dir='ltr'><strong>n)</strong></span> <span class='ocrx_word' id='word_1_302' title='bbox 176 2122 238 2154; x_wconf 69' lang='lat' dir='ltr'><strong>M.</strong></span> <span class='ocrx_word' id='word_1_303' title='bbox 255 2122 312 2153; x_wconf 81' lang='lat' dir='ltr'><strong>obs.</strong></span> <span class='ocrx_word' id='word_1_304' title='bbox 330 2129 377 2160; x_wconf 81' lang='lat'><strong>78.</strong></span> 
     </span>
    </p>
   </div>
   <div class='ocr_carea' id='block_1_11' title="bbox 81 2161 1631 2404">
    <p class='ocr_par' dir='ltr' id='par_1_12' title="bbox 81 2161 1630 2242">
     <span class='ocr_line' id='line_1_32' title="bbox 119 2161 1630 2203; baseline -0.001 -10"><span class='ocrx_word' id='word_1_305' title='bbox 119 2165 151 2198; x_wconf 75' lang='grc' dir='ltr'><strong>ο)</strong></span> <span class='ocrx_word' id='word_1_306' title='bbox 171 2164 221 2194; x_wconf 86' lang='lat' dir='ltr'><strong>Id</strong></span> <span class='ocrx_word' id='word_1_307' title='bbox 207 2174 241 2193; x_wconf 86' lang='lat'><strong>0</strong></span> <span class='ocrx_word' id='word_1_308' title='bbox 255 2165 284 2193; x_wconf 91' lang='lat' dir='ltr'><strong>in</strong></span> <span class='ocrx_word' id='word_1_309' title='bbox 297 2164 357 2193; x_wconf 88' lang='lat' dir='ltr'><strong>fetu</strong></span> <span class='ocrx_word' id='word_1_310' title='bbox 372 2163 498 2193; x_wconf 85' lang='lat' dir='ltr'><strong>humano</strong></span> <span class='ocrx_word' id='word_1_311' title='bbox 509 2185 518 2199; x_wconf 91' lang='lat'>‚</span> <span class='ocrx_word' id='word_1_312' title='bbox 537 2163 653 2201; x_wconf 79' lang='lat' dir='ltr'><strong>quando</strong></span> <span class='ocrx_word' id='word_1_313' title='bbox 666 2171 763 2201; x_wconf 74' lang='lat' dir='ltr'><strong>ungue</strong></span> <span class='ocrx_word' id='word_1_314' title='bbox 775 2170 834 2192; x_wconf 88' lang='lat' dir='ltr'><strong>non</strong></span> <span class='ocrx_word' id='word_1_315' title='bbox 846 2162 937 2199; x_wconf 79' lang='lat' dir='ltr'><strong>major</strong></span> <span class='ocrx_word' id='word_1_316' title='bbox 949 2161 989 2192; x_wconf 84' lang='lat' dir='ltr'><strong>est</strong></span> <span class='ocrx_word' id='word_1_317' title='bbox 1001 2184 1010 2199; x_wconf 77' lang='grc'>,</span> <span class='ocrx_word' id='word_1_318' title='bbox 1033 2171 1128 2201; x_wconf 85' lang='lat' dir='ltr'><strong>neque</strong></span> <span class='ocrx_word' id='word_1_319' title='bbox 1143 2161 1259 2194; x_wconf 78' lang='lat' dir='ltr'><strong>brachia</strong></span> <span class='ocrx_word' id='word_1_320' title='bbox 1271 2162 1300 2193; x_wconf 85' lang='lat' dir='ltr'><strong>se</strong></span> <span class='ocrx_word' id='word_1_321' title='bbox 1313 2162 1484 2203; x_wconf 78' lang='lat' dir='ltr'><strong>contingere</strong></span> <span class='ocrx_word' id='word_1_322' title='bbox 1506 2162 1630 2201; x_wconf 68' lang='lat' dir='ltr'><strong>possunt,</strong></span> 
     </span>
     <span class='ocr_line' id='line_1_33' title="bbox 81 2204 916 2242; baseline -0.002 -8"><span class='ocrx_word' id='word_1_323' title='bbox 81 2212 177 2242; x_wconf 85' lang='lat' dir='ltr'><strong>neque</strong></span> <span class='ocrx_word' id='word_1_324' title='bbox 197 2215 279 2235; x_wconf 85' lang='lat' dir='ltr'><strong>crura</strong></span> <span class='ocrx_word' id='word_1_325' title='bbox 291 2205 326 2234; x_wconf 76' lang='lat' dir='ltr'><strong>nd</strong></span> <span class='ocrx_word' id='word_1_326' title='bbox 347 2204 515 2235; x_wconf 83' lang='lat' dir='ltr'><strong>umbilicum</strong></span> <span class='ocrx_word' id='word_1_327' title='bbox 537 2204 636 2234; x_wconf 83' lang='lat' dir='ltr'><strong>venire</strong></span> <span class='ocrx_word' id='word_1_328' title='bbox 656 2205 784 2234; x_wconf 62' lang='lat' dir='ltr'><strong>HAssvssx</strong></span> <span class='ocrx_word' id='word_1_329' title='bbox 802 2213 832 2241; x_wconf 83' lang='lat' dir='ltr'><strong>p.</strong></span> <span class='ocrx_word' id='word_1_330' title='bbox 852 2208 916 2238; x_wconf 83' lang='lat'>181.</span> 
     </span>
    </p>

    <p class='ocr_par' dir='ltr' id='par_1_13' title="bbox 117 2244 532 2325">
     <span class='ocr_line' id='line_1_34' title="bbox 117 2244 532 2325; baseline -0.002 -9"><span class='ocrx_word' id='word_1_331' title='bbox 117 2244 156 2325; x_wconf 58' lang='lat' dir='ltr'><strong>1ss</strong></span> <span class='ocrx_word' id='word_1_332' title='bbox 173 2244 414 2324; x_wconf 40' lang='lat' dir='ltr'><strong>{ggpssgoffganjfis</strong></span> <span class='ocrx_word' id='word_1_333' title='bbox 424 2286 448 2315; x_wconf 83' lang='lat' dir='ltr'><strong><em>I</em></strong></span> <span class='ocrx_word' id='word_1_334' title='bbox 463 2293 491 2322; x_wconf 84' lang='lat' dir='ltr'><strong>p.</strong></span> <span class='ocrx_word' id='word_1_335' title='bbox 506 2293 532 2321; x_wconf 84' lang='lat'><strong>7.</strong></span> 
     </span>
    </p>

    <p class='ocr_par' dir='ltr' id='par_1_14' title="bbox 122 2322 1631 2404">
     <span class='ocr_line' id='line_1_35' title="bbox 122 2322 1631 2404; baseline 0.001 -49"><span class='ocrx_word' id='word_1_336' title='bbox 122 2328 156 2401; x_wconf 56' lang='lat'><strong>23</strong></span> <span class='ocrx_word' id='word_1_337' title='bbox 176 2325 239 2404; x_wconf 58' lang='lat' dir='ltr'><strong>glaz</strong></span> <span class='ocrx_word' id='word_1_338' title='bbox 240 2336 296 2401; x_wconf 53' lang='lat'><strong>15?</strong></span> <span class='ocrx_word' id='word_1_339' title='bbox 302 2336 335 2402; x_wconf 57' lang='lat'><strong>{15</strong></span> <span class='ocrx_word' id='word_1_340' title='bbox 335 2336 369 2404; x_wconf 66' lang='lat'><strong>33</strong></span> <span class='ocrx_word' id='word_1_341' title='bbox 356 2335 399 2395; x_wconf 52' lang='lat' dir='ltr'><strong>A}</strong></span> <span class='ocrx_word' id='word_1_342' title='bbox 407 2335 499 2401; x_wconf 59' lang='lat' dir='ltr'><strong>p4243</strong></span> <span class='ocrx_word' id='word_1_343' title='bbox 516 2325 565 2364; x_wconf 87' lang='lat' dir='ltr'><strong>qui</strong></span> <span class='ocrx_word' id='word_1_344' title='bbox 575 2324 659 2355; x_wconf 83' lang='lat' dir='ltr'><strong>nimis</strong></span> <span class='ocrx_word' id='word_1_345' title='bbox 667 2323 821 2355; x_wconf 77' lang='lat' dir='ltr'><strong>liberaliter</strong></span> <span class='ocrx_word' id='word_1_346' title='bbox 829 2323 901 2354; x_wconf 83' lang='lat' dir='ltr'><strong>aeris</strong></span> <span class='ocrx_word' id='word_1_347' title='bbox 910 2324 970 2355; x_wconf 81' lang='lat' dir='ltr'><strong>vim</strong></span> <span class='ocrx_word' id='word_1_348' title='bbox 981 2324 1014 2355; x_wconf 82' lang='lat' dir='ltr'><strong>in</strong></span> <span class='ocrx_word' id='word_1_349' title='bbox 1026 2330 1137 2356; x_wconf 85' lang='lat' dir='ltr'><strong>motum</strong></span> <span class='ocrx_word' id='word_1_350' title='bbox 1149 2324 1304 2357; x_wconf 82' lang='lat' dir='ltr'><strong>humorum</strong></span> <span class='ocrx_word' id='word_1_351' title='bbox 1314 2333 1366 2364; x_wconf 85' lang='lat' dir='ltr'><strong>per</strong></span> <span class='ocrx_word' id='word_1_352' title='bbox 1373 2322 1486 2364; x_wconf 84' lang='lat' dir='ltr'><strong>pullum</strong></span> <span class='ocrx_word' id='word_1_353' title='bbox 1495 2326 1631 2357; x_wconf 79' lang='lat' dir='ltr'><strong>extendit</strong></span> 
     </span>
    </p>
   </div>
   <div class='ocr_carea' id='block_1_12' title="bbox 140 2403 1181 2464">
    <p class='ocr_par' dir='ltr' id='par_1_15' title="bbox 140 2403 1181 2464">
     <span class='ocr_line' id='line_1_36' title="bbox 140 2403 1181 2464; baseline 0.001 -11"><span class='ocrx_word' id='word_1_354' title='bbox 140 2414 305 2454; x_wconf 68' lang='lat' dir='ltr'>HALLER</span> <span class='ocrx_word' id='word_1_355' title='bbox 333 2415 435 2464; x_wconf 78' lang='lat' dir='ltr'><em>Phys</em></span> <span class='ocrx_word' id='word_1_356' title='bbox 436 2416 478 2454; x_wconf 89' lang='lat' dir='ltr'><strong>ol</strong></span> <span class='ocrx_word' id='word_1_357' title='bbox 510 2415 620 2456; x_wconf 82' lang='lat' dir='ltr'><strong>Tom-</strong></span> <span class='ocrx_word' id='word_1_358' title='bbox 642 2414 745 2455; x_wconf 70' lang='lat' dir='ltr'><strong>Vin</strong></span> <span class='ocrx_word' id='word_1_359' title='bbox 777 2414 814 2454; x_wconf 89' lang='lat' dir='ltr'>P</span> <span class='ocrx_word' id='word_1_360' title='bbox 831 2414 861 2454; x_wconf 83' lang='lat'><strong>1.</strong></span> <span class='ocrx_word' id='word_1_361' title='bbox 935 2403 954 2422; x_wconf 68' lang='grc'><strong><em>”</em></strong></span> <span class='ocrx_word' id='word_1_362' title='bbox 1087 2415 1127 2455; x_wconf 88' lang='grc' dir='ltr'>Ν</span> <span class='ocrx_word' id='word_1_363' title='bbox 1155 2430 1181 2454; x_wconf 85' lang='lat' dir='ltr'><strong>n</strong></span> 
     </span>
    </p>
   </div>
  </div>
 </body>
</html>
