1955 2732
316 133 391 171 ,42
788 115 882 154 [ΑΒ.
916 114 1064 156 xxix.
1125 115 1153 154 F
1182 114 1211 155 Ε
1242 116 1276 155 T
1305 116 1340 156 U
1372 117 1405 157 s,

308 228 425 268 osseus
456 228 597 266 laminae
630 224 794 265 cribrosae
822 236 935 274 poros
960 223 1139 272 irplevit,
1173 225 1209 262 δι
1236 227 1452 277 inaequalem
1479 228 1664 281 utriusque
1690 228 1866 280 cartilagi-

308 289 361 324 nis
389 284 616 335 superficiem
640 283 849 331 exaequavit.

422 366 547 412 Quare
569 393 579 408 ‚
613 361 1050 412 compensantis‘omuibus
1067 390 1077 405 ,
1113 362 1210 400 idem
1233 365 1370 413 ubique
1393 372 1528 404 naturae
1554 366 1759 417 progressus
1791 369 1840 406 est
1854 397 1865 412 ,

307 431 347 462 ut
372 435 417 461 ex
446 424 589 472 glutine
617 421 866 469 cartilaginem
884 447 894 461 ,
927 430 974 455 ex
1000 419 1208 468 cartilagine
1234 431 1402 459 centrum
1430 421 1568 461 offeum
1587 452 1597 467 2
1631 436 1677 461 ex
1698 437 1743 462 eo
1761 424 1866 462 fibras

307 482 530 531 laminasque
551 506 561 520 ,
593 477 758 527 undique
784 475 954 526 expansas
981 486 1131 525 generet
1149 505 1158 519 ,
1193 489 1272 526 quae
1297 477 1448 516 demum
1479 480 1535 517 vel
1564 483 1603 517 in
1634 481 1863 524 alveolarem,

305 537 438 586 absque
462 546 598 583 magno
622 534 700 571 vase
720 561 729 576 ,
763 540 907 570 textum
931 533 1087 575 abeant,
1121 532 1178 570 vel
1200 534 1237 570 in
1260 537 1392 572 tubum
1410 537 1448 573 in
1465 537 1588 575 medio
1611 538 1768 575 medulla
1788 539 1864 587 ple-

307 606 396 631 num
418 620 427 636 ,
458 593 563 640 cujus
590 590 670 628 finis
695 590 883 627 alveolaris
909 590 966 626 est.
1029 589 1086 627 Ad
1114 578 1198 627 erstn
1224 592 1355 629 tubum
1384 594 1553 641 aptitudo
1587 595 1624 630 in
1658 595 1864 643 primordio

306 651 399 688 fetus
423 649 498 686 est:
532 660 616 684 narn
643 645 798 684 maxillae
826 646 1006 683 inferioris
1037 645 1266 695 grandissima
1295 649 1344 686 est
1369 652 1496 687 arteria
1515 678 1524 692 ,
1558 650 1594 687 ὃς
1620 659 1741 688 tamen
1771 663 1869 688 mera

306 705 492 744 alveolaris
515 712 643 742 natura
674 705 782 741 etiam
813 704 847 739 in
881 702 1007 740 adulto
1041 703 1193 741 homine
1220 704 1429 754 perseverat.
1493 706 1552 744 Sic
1569 706 1750 745 claviculae
1773 707 1868 756 figu-

306 776 345 800 ra
370 763 507 810 longa,
542 762 578 798 &
609 767 729 798 tamen
755 759 943 798 alveolaris
969 760 1018 796 est
1044 760 1187 797 fabrica.

418 843 479 882 De
503 842 672 879 dentibus
692 840 900 890 pauciffima
920 840 1027 879 addo.
1091 840 1198 880 Offea
1217 854 1297 891 pars
1321 842 1412 879 nihil
1436 843 1545 881 habet
1565 843 1694 882 diversi
1721 845 1765 883 ab
1793 844 1865 884 alio

310 899 411 938 offe:
445 899 586 949 lapidea
612 899 721 936 altera
738 926 748 941 ,
783 898 839 935 vel
866 899 1003 940 vitrea,
1036 898 1224 936 manifesto
1253 910 1300 936 ex
1333 898 1442 937 succo
1469 902 1546 938 coit
1562 899 1599 949 q)

829 1015 862 1056 §-
892 1009 1064 1049 XXXII.
1126 1009 1349 1058 Periosteum.

422 1102 618 1152 Postquam
641 1101 687 1139 de
714 1102 847 1139 fabrica
871 1099 951 1139 offis
974 1128 984 1143 ‚
1020 1101 1058 1139 &
1088 1101 1133 1139 de
1167 1103 1242 1150 ejus
1278 1103 1505 1141 incremento
1539 1102 1654 1142 visum
1683 1105 1757 1148 est,
1784 1105 1872 1143 faci-

309 1162 379 1199 lius
413 1171 512 1197 nunc
536 1160 604 1196 erit
633 1159 678 1196 de
705 1160 868 1209 partibus
897 1156 1071 1202 definire,
1099 1170 1179 1208 quae
1210 1160 1248 1196 in
1272 1158 1347 1197 hoc
1373 1158 1502 1197 ossium
1530 1161 1759 1199 incremento
1789 1161 1872 1200 sunt

311 1217 491 1268 periostei.
1739 1249 1763 1272 Ο

424 1298 667 1340 Membrana,
711 1309 791 1347 quae
828 1308 870 1334 os
896 1295 1060 1346 undique
1087 1297 1230 1345 cingit,
1264 1308 1309 1334 eo
1333 1298 1495 1339 nomine.
1509 1297 1734 1346 intelligitur.
1787 1297 1872 1347 Ejus

312 1357 469 1406 primam
497 1356 681 1403 originem
704 1352 843 1408 necffle
867 1354 917 1391 est
942 1354 1135 1402 indagare,
1164 1365 1265 1391 error
1290 1356 1389 1390 enim
1415 1353 1466 1390 lll.
1498 1356 1661 1392 virorum
1689 1355 1774 1392 inde
1805 1356 1874 1392 mi-

310 1412 350 1448 hi
380 1413 524 1449 videtur
548 1418 654 1449 natus
688 1409 757 1448 effe
781 1438 792 1454 ,
840 1410 944 1460 quod
973 1410 1195 1460 periosteum
1223 1411 1331 1447 nimis
1357 1409 1470 1448 adulti
1500 1412 1662 1449 animalis
1688 1411 1756 1449 sint
1782 1423 1874 1449 con-

313 1468 489 1517 templati.

426 1529 525 1598 Ergo
562 1549 600 1585 in
628 1547 731 1591 fetu,
764 1559 840 1597 quo
874 1554 1041 1597 tempore
1067 1545 1148 1585 Osfis
1181 1547 1268 1586 loco
1296 1547 1425 1597 gluten
1459 1548 1532 1591 est,
1568 1550 1789 1598 periosteum
1820 1555 1873 1587 te-

313 1605 520 1645 nuiffimum
548 1603 585 1648 ιι)
612 1633 622 1647 ,
651 1605 887 1647 araneosam,
920 1617 960 1642 os
990 1612 1114 1642 totum
1143 1605 1316 1647 investit,
1349 1612 1427 1642 tum
1454 1607 1674 1656 praecipuam
1702 1615 1869 1657 partem,

315 1675 394 1714 quae
426 1665 469 1700 ab
498 1660 661 1711 epiphyfi
685 1660 775 1698 solet
799 1660 971 1710 distingui
989 1689 999 1704 ,
1033 1667 1112 1700 tum
1138 1660 1201 1698 has
1226 1661 1315 1710 ipsas
1338 1660 1535 1711 epiphyses.

426 1744 573 1782 Leviter
598 1742 662 1781 ossi
690 1742 846 1780 adhaeret
865 1741 907 1790 h)
922 1771 933 1786 ,
963 1743 999 1780 &
1022 1754 1143 1785 nunc,
1177 1743 1213 1780 δι
1237 1742 1413 1792 quamdiu
1440 1743 1561 1792 pullus
1586 1744 1625 1780 in
1649 1755 1746 1786 ovo,
1779 1743 1872 1782 fetus

316 1804 354 1839 in
376 1809 483 1840 utero
506 1800 726 1839 continetur.
787 1799 830 1837 ln
855 1799 924 1837 isto
947 1798 1038 1849 saepe
1061 1806 1182 1836 totum
1205 1800 1426 1848 periosteum
1450 1828 1460 1842 ,
1493 1800 1536 1836 ad
1555 1799 1710 1838 modum
1734 1800 1867 1844 calcei,

317 1859 362 1897 de
387 1859 474 1895 tibia
495 1885 504 1899 ‚
537 1864 599 1894 aut
619 1856 663 1893 de
684 1856 847 1899 femore,
885 1856 1051 1901 detraxi3
1068 1862 1125 1896 *ut
1151 1867 1197 1892 ne
1214 1855 1302 1893 fibra
1325 1855 1474 1905 quidem
1497 1856 1736 1900 laceraretur,
1759 1868 1874 1906 quan-

316 1915 367 1953 do
390 1914 616 1963 separabatur
636 1912 680 1956 c).

432 1995 544 2032 Aliter
570 1995 602 2031 se
629 1994 738 2032 habet
767 1996 804 2032 in
828 1994 1000 2044 epiphyfi.
1062 1993 1284 2032 Periosteum
1308 1991 1372 2029 ossi
1395 1994 1524 2043 incipit
1549 1992 1728 2031 adhaerere
1756 2005 1874 2042 prope

318 2054 473 2090 limitem
489 2052 619 2089 futurae
636 2050 859 2102 epiphyfios,
873 2053 1025 2101 propius
1045 2050 1214 2088 haetenus
1230 2058 1357 2088 centro
1376 2049 1468 2093 offis,
1489 2058 1577 2089 tune
1598 2050 1683 2088 huic
1699 2050 1808 2143 ligiiti
1820 2049 1871 2095 d),

1750 2117 1874 2144 emum

360 2196 391 2236 q)
413 2195 441 2226 L.
456 2195 538 2226 XIX.
554 2205 581 2233 p.
597 2204 642 2233 23.
669 2195 868 2225 stussANT.
888 2196 983 2227 Mem.
999 2197 1032 2226 cie
1051 2196 1166 2226 l’Acad.
1188 2200 1270 2231 1758.

360 2252 392 2279 αδ
415 2252 510 2280 Fcrm.
530 2250 575 2278 des
589 2258 617 2278 os
641 2256 666 2284 p.
681 2256 747 2282 204.
762 2255 829 2282 205-
853 2246 944 2275 Etiam
961 2245 1030 2275 hora
1046 2255 1115 2282 414·
1131 2243 1188 2274 obs.
1202 2250 1250 2281 89.
1268 2243 1337 2273 liora
1351 2251 1417 2280 432.
1443 2242 1499 2273 obs.
1513 2250 1559 2279 92.
1577 2242 1726 2278 110121486.
1750 2240 1807 2272 obs.
1825 2247 1873 2278 98.

320 2291 385 2321 add.
408 2291 603 2319 Bononmviz
627 2297 652 2324 p.
674 2296 742 2316 zio.

360 2341 390 2360 οι
414 2333 508 2359 form.
525 2332 571 2358 des
589 2340 617 2358 ω
639 2337 666 2365 p.
685 2337 750 2363 πως.
766 2326 823 2357 obs.
841 2332 886 2363 85.
902 2328 1077 2363 88.1)9.&c.
1106 2326 1192 2357 etiam
1209 2324 1406 2355 BoxnssNAvn
1430 2333 1458 2362 p.
1481 2332 1547 2362 197.

361 2375 388 2399 el
415 2373 509 2399 form.
524 2372 570 2398 des
584 2381 611 2397 m·
627 2379 651 2406 p.
669 2377 736 2402 205.

362 2413 395 2448 d)
416 2413 511 2439 form.
527 2412 573 2439 iles
586 2420 614 2438 os
627 2420 654 2447 p.
669 2417 734 2444 204·
755 2407 812 2438 obs.
828 2411 873 2443 85.
891 2412 937 2441 38.
951 2418 999 2445 99.
1016 2410 1043 2438 ὃς
1057 2407 1087 2436 in
1103 2405 1237 2437 cuniculo
1253 2415 1281 2444 p.
1300 2414 1365 2444 174¹
