1955 2732
616 108 1284 150 PRAEFATIO.
1709 127 1740 169 γ

290 220 328 258 Si
347 217 436 270 quid
457 217 614 268 superest
633 217 670 254 in
691 217 807 267 longo
829 230 940 268 opere
961 229 1126 256 errorum
1144 246 1154 260 ,
1188 217 1225 254 δε
1246 229 1311 256 cur
1331 229 1410 256 non
1438 218 1606 269 superfit,
1639 234 1731 262 ocu„

177 302 234 338 los
262 300 299 337 id
324 311 425 337 meos
447 296 573 347 fugisse
596 296 734 339 fateor,
766 309 968 347 numquam
991 296 1223 341 admissurus,
1241 305 1284 336 ut
1302 311 1436 348 gnarus
1460 299 1662 351 volensque
1679 302 1732 341 le-

178 381 269 418 stori
295 381 524 430 imponerem
539 406 552 421 ‚
586 377 689 425 cujus
713 378 827 425 gratia
851 384 971 415 tantos
989 377 1130 415 labores
1151 377 1384 428 suscepissem.

288 492 456 530 Poteram
487 491 581 528 forte
606 489 763 539 aliquam
787 502 833 528 ex
856 490 1021 529 absoluto
1046 503 1158 540 opere
1182 490 1410 540 voluptatem
1429 492 1588 542 sperare,
1621 494 1729 533 inno-

176 577 320 608 centem
343 570 467 612 illam,
499 581 608 619 quam
633 571 773 607 animus
804 571 880 607 veri
909 570 1064 620 cupidus
1090 571 1273 619 percipit,
1308 571 1398 608 dum
1430 574 1463 609 ei
1491 572 1558 609 soli
1591 573 1626 610 se
1658 573 1729 611 ser-

176 650 260 688 viffe
287 650 350 688 fibi
375 649 537 688 conscius
562 649 657 686 testis
686 649 742 686 est.
810 649 1039 700 Hypothefin
1070 649 1208 688 nullam
1234 649 1358 688 admifi
1376 678 1386 693 ,
1422 651 1459 688 &
1494 650 1583 701 saepe
1615 654 1730 690 miror

175 731 222 768 de
244 730 429 779 systemate
457 742 542 767 meo
569 729 697 771 scribi,
729 730 793 778 qui
818 731 924 768 unice
953 730 1082 769 sentire
1114 742 1170 768 eas
1191 737 1310 780 partes
1334 730 1435 773 dixi,
1470 738 1533 768 aut
1559 733 1726 775 moveri,

173 822 260 859 quas
286 809 414 847 sentire
440 809 600 846 videram
627 810 663 846 ἃ
688 808 721 845 se
745 811 903 857 agitare:
936 817 1064 848 contra
1089 822 1166 847 non
1193 810 1323 848 sentire
1341 838 1352 853 ‚
1383 822 1461 848 non
1482 812 1625 848 moveri
1645 823 1726 854 eas,

173 890 212 926 in
238 890 369 939 quibus
391 901 509 939 neque
533 888 671 926 sensum
696 888 793 931 vidi,
827 901 944 938 neque
965 889 1110 927 insitum
1131 897 1287 927 motum.
1340 888 1450 928 Error
1484 898 1630 941 poterat
1661 889 1730 928 effe

172 971 211 1007 in
238 971 512 1019 experimento,
538 967 780 1018 hypotheseos
802 980 922 1017 neque
946 970 1075 1007 umbra
1097 969 1221 1008 subest.

287 1080 385 1117 Mire
405 1092 492 1117 vero
512 1080 671 1117 turbavit
692 1079 786 1116 hane
812 1080 1040 1129 voluptatem
1068 1081 1281 1119 numerosus
1312 1080 1598 1120 adversariorum
1626 1095 1730 1121 exer-

173 1162 289 1202 citus,
328 1171 488 1208 quorum
509 1159 592 1196 odia
615 1171 673 1195 me
697 1158 741 1195 ab
763 1170 859 1195 anno
881 1167 979 1197 retro
1012 1171 1126 1206 1744.
1153 1159 1375 1209 presserunt,
1408 1161 1458 1197 ob
1486 1161 1729 1210 respirationis

171 1241 294 1288 primo
318 1238 602 1277 mechanismum
618 1266 628 1280 ,
662 1249 773 1286 quem
802 1249 848 1275 ex
870 1237 930 1275 Bo
944 1250 963 1275 E
978 1250 999 1275 R
1012 1251 1038 1275 H
1052 1251 1075 1276 A
1089 1252 1111 1276 A
1127 1252 1149 1275 v
1162 1252 1174 1276 1
1190 1252 1203 1276 1
1232 1239 1405 1277 sententia
1433 1241 1697 1290 proposueram
1716 1254 1727 1287 3

172 1318 304 1356 deinde
332 1319 380 1355 ob
405 1324 572 1366 negatam
590 1318 729 1355 cerebri
749 1318 968 1355 membranis
987 1346 998 1361 ‚
1030 1319 1181 1368 aliisque
1200 1319 1411 1358 velamentis
1430 1349 1441 1364 .
1474 1328 1553 1358 tum
1571 1320 1729 1358 tendini-

171 1399 238 1436 bus
259 1426 272 1442 ,
305 1397 480 1435 sentiendi
504 1396 738 1442 facultatem3
770 1397 928 1447 denique
951 1398 1052 1447 quod
1077 1400 1183 1437 amici
1210 1406 1328 1448 partes
1349 1400 1512 1439 modeste
1536 1402 1573 1438 δε
1595 1400 1728 1450 absque

171 1476 306 1514 offensa
330 1476 493 1514 adversus
517 1476 734 1513 calumniam
756 1478 870 1514 tuitus
893 1476 1001 1515 effem
1016 1505 1027 1520 ,
1066 1490 1143 1516 non
1182 1478 1239 1516 Sn
1254 1491 1326 1517 MM
1340 1493 1353 1517 1
1388 1479 1511 1518 V1R1
1532 1508 1542 1522 ‚
1575 1483 1640 1530 qui
1664 1480 1727 1519 fibi

172 1559 357 1594 inventam
385 1568 518 1594 novam
540 1556 638 1594 oculi
660 1557 908 1594 membranam
924 1556 1117 1600 tribuisset,
1151 1557 1212 1595 sed
1233 1571 1361 1597 eorum
1375 1588 1385 1603 ,
1419 1562 1503 1609 qui,
1526 1567 1628 1598 tanto
1651 1561 1726 1599 Au-

171 1636 269 1674 &ore
291 1664 300 1679 ‚
333 1635 444 1684 plagii
465 1642 635 1685 poterant
654 1638 813 1674 amicum
831 1636 1032 1685 postulare,
1066 1639 1120 1675 uti
1151 1638 1300 1688 quidem
1329 1651 1388 1677 me
1419 1639 1524 1676 simili
1554 1641 1592 1677 in
1625 1641 1726 1679 causa

172 1714 454 1763 postulaverunt.

281 1825 378 1875 Justa
407 1839 495 1864 vero
528 1826 618 1863 mihi
639 1826 776 1865 doloris
800 1828 901 1866 causa
929 1828 1072 1866 videtur
1087 1857 1096 1872 ,
1129 1827 1304 1878 fiquidem
1330 1843 1450 1880 neque
1474 1832 1511 1868 in
1534 1830 1724 1870 adversarii

169 1904 336 1944 laudibus
362 1913 539 1956 perpetua
569 1909 741 1956 aequitas;
773 1921 892 1958 neque
909 1908 1105 1946 sollicitum
1131 1909 1312 1953 studium,
1344 1923 1392 1948 ne
1414 1923 1494 1948 mea
1514 1910 1722 1950 sollicitudo

167 1983 219 2022 IL
233 1996 263 2021 L.
295 1985 359 2022 AL
373 1998 417 2023 ΕΙ
431 1999 493 2024 No
525 1987 755 2036 displiceretg
787 2001 905 2039 neque
929 1988 1134 2037 simplicitas
1161 1990 1198 2026 in
1221 1991 1262 2026 iis
1280 1989 1562 2038 adgnosoendis,
1583 2004 1663 2041 quae
1684 1994 1722 2031 in

168 2074 227 2100 me
244 2063 338 2123 reste
366 2064 582 2121 emendasset
602 2095 612 2110 ‚
644 2068 741 2106 nuila
766 2069 927 2111 demum,
947 2080 1203 2118 quamcunque
1229 2072 1437 2118 excogitare
1461 2073 1593 2120 potui,
1627 2074 1721 2121 grati

169 2141 206 2177 δε
229 2141 353 2180 devoti
379 2145 489 2181 animi
512 2143 724 2194 significatio
750 2160 809 2185 me
831 2149 921 2185 tueri
947 2148 1090 2196 potuit,
1111 2150 1199 2197 quin
1217 2149 1297 2197 post
1315 2151 1531 2188 acerrimum
1555 2150 1720 2188 libellum

167 2218 237 2257 alio
258 2231 318 2257 me
345 2217 630 2267 opprimendum
660 2217 784 2256 lnam
817 2220 851 2258 se
880 2220 998 2258 siverit
1024 2223 1240 2271 permoveri.

942 2335 964 2357 *²
998 2343 1015 2376 3
1125 2314 1129 2318 -
1604 2334 1720 2386 Erigit
