1955 2732
457 109 727 153 SECDIH.
788 109 1220 154 SECUNDAE.
1535 126 1613 165 235

165 223 298 263 Amant
320 222 398 261 haec
425 222 503 260 vasa
534 221 708 272 placentae
733 222 772 259 in
792 221 983 272 hydatides
1007 222 1105 260 abire
1121 217 1164 269 Ιε)
1178 250 1188 264 ,
1214 226 1257 258 ut
1273 221 1383 261 etiam
1407 224 1444 261 in
1463 237 1536 263 ovo
1554 226 1617 263 vix

52 283 255 334 gallinaceo
280 281 410 329 majori
434 279 509 317 ILL.
536 279 714 316 Annuus
739 278 871 316 viderit
888 278 918 324 l)
941 308 951 323 ,
984 278 1145 317 varicosa
1167 279 1253 316 hinc
1278 278 1364 318 inde
1397 281 1434 318 &
1470 282 1615 321 dilatata

54 341 234 378 filamenta
257 340 358 376 initia
384 336 481 388 quasi
501 335 702 386 hydatideae
723 336 866 374 fabricae
895 336 1027 374 moliri.

167 421 211 459 In
235 420 426 457 maturiori
453 418 619 467 placenta
647 416 809 455 duorum
832 430 1013 467 generum
1039 416 1231 467 hydatides
1252 416 1336 454 vidi.
1370 417 1618 459 Nascebantur

52 491 101 516 ex
133 478 299 528 placenta
316 505 325 519 ,
358 476 471 513 coasti
495 474 677 522 sanguinis
705 473 833 518 fimili,
867 474 1025 512 unciales
1053 473 1431 523 petioli,sernilineam
1456 474 1543 519 lati,
1583 479 1621 514 in

57 536 190 584 quibus
214 533 307 570 albas
333 531 501 570 vesiculas
528 531 776 579 distingueres.
837 531 941 569 Idem
967 530 1128 580 petiolus
1148 530 1299 568 subinde
1323 532 1360 568 in
1384 531 1467 569 alias
1485 533 1521 570 ἃ
1538 534 1620 572 alias

57 590 227 628 vesiculas
257 589 472 626 dilatabatur
492 616 503 632 ,
532 599 714 637 camsque
738 596 813 625 erat
834 588 931 639 ipse,
966 600 1058 626 cavo
1087 600 1172 625 cum
1204 587 1366 625 veficulis
1404 591 1584 628 continuo
1609 620 1618 633 ,

55 655 97 685 ut
122 659 181 684 aer
205 659 251 685 ex
278 646 420 695 petiolo
439 647 477 682 in
505 643 672 682 veficulass
700 645 862 684 transiret
882 675 890 688 ,
925 647 961 683 Sc
983 643 1135 683 viciffim
1151 643 1213 686 m).
1248 644 1303 684 Ita
1327 656 1374 682 ex
1392 644 1543 684 vesicula
1567 660 1620 684 ra-

55 716 137 742 mus
161 703 310 752 prodit,
343 701 499 745 divisus,
534 701 571 739 &
592 701 810 745 subdivisus,
846 705 930 746 cui,
963 702 1091 752 suique
1109 700 1438 745 fimilibus,s-imiles
1461 702 1621 742 veficulae

57 759 317 811 appenduntur
331 758 381 803 n).

172 842 228 880 Ex
250 842 321 879 istis
344 840 475 883 discas,
498 840 672 889 placentae
695 839 864 878 vesiculas
881 840 958 878 vasa
980 842 1107 891 potius
1127 838 1217 884 effe,
1250 852 1359 890 quam
1378 841 1555 880 cellulosae
1574 843 1623 880 fa-

59 900 167 938 bricae
192 899 500 937 deformationem
518 894 568 945 o).

173 980 294 1018 Venas
320 978 388 1017 esse
411 978 597 1017 crederem
613 1008 622 1021 ‚
659 979 708 1016 ob
729 981 958 1019 teneritatem
976 1009 987 1023 ‚
1021 980 1059 1018 &
1076 978 1180 1030 quod
1200 978 1293 1017 istud
1313 979 1484 1018 vasorum
1507 993 1624 1030 genus

61 1038 207 1076 aliunde
234 1038 412 1074 varicibus
441 1037 651 1073 obnoxium
680 1035 720 1073 fit
735 1037 788 1084 p).

177 1118 264 1157 Aliae
282 1116 442 1155 vesiculae
466 1119 504 1154 in
534 1117 699 1166 placenta
723 1118 796 1167 ipsa
814 1147 823 1161 ,
859 1118 992 1168 absque
1025 1117 1172 1167 petiolis
1207 1118 1422 1160 nascuntur,
1459 1130 1625 1160 connatae

62 1176 126 1213 fibi
153 1177 188 1212 &
217 1186 402 1212 connexae.
466 1173 679 1210 Membrana
702 1187 824 1212 earum
841 1174 1076 1213 veficularum
1098 1174 1263 1223 sanguini
1282 1175 1409 1212 coasto
1424 1204 1433 1218 ‚
1463 1177 1499 1213 Sc
1519 1179 1556 1214 in
1576 1178 1627 1216 la.

61 1232 186 1271 mellas
210 1230 424 1280 compacto,
441 1229 562 1266 fimilis
589 1229 778 1268 videbatur
802 1260 812 1274 ,
846 1233 986 1269 miniati
1016 1231 1090 1268 fere
1118 1231 1262 1269 coloris.
1298 1231 1549 1272 Contine-bant
1578 1248 1626 1273 eae

62 1289 261 1338 gelatinam
286 1289 322 1324 in
350 1299 443 1336 aqua
474 1298 552 1324 non
579 1285 822 1326 diffluxuram.
865 1287 939 1327 Has
963 1287 1071 1339 poffis
1100 1288 1248 1327 credere
1266 1288 1311 1326 ad
1334 1288 1543 1328 cellulosam
1573 1300 1625 1331 te-

64 1346 137 1382 lam
163 1343 378 1395 pertinuisse.

442 1459 475 1502 §-
508 1456 638 1496 XXV.
704 1458 827 1497 Choria·
855 1458 904 1496 ad
931 1463 1072 1496 uterum
1102 1455 1252 1506 adhaefio.

179 1546 286 1586 Hanc
311 1548 611 1596 conjumstionem
642 1550 763 1598 primo
792 1550 879 1588 loco
907 1558 1058 1599 oportet
1087 1549 1317 1592 describere,
1352 1550 1389 1586 &
1414 1551 1451 1588 in
1482 1552 1627 1589 univer-

65 1605 146 1644 sum
160 1605 413 1646 demonstrare,
440 1604 641 1652 placentam
663 1613 769 1643 utero
793 1607 936 1644 fortiter
958 1607 1196 1644 adhaerescere
1218 1619 1228 1651 3
1261 1606 1392 1643 deinde
1414 1608 1625 1655 ostendere,

65 1662 261 1713 quomodo
283 1662 503 1698 adhaerescat.
546 1661 710 1711 Oportet
728 1672 850 1700 autem
867 1676 886 1701 a
907 1663 1036 1701 chorio
1057 1665 1203 1700 initium
1223 1662 1350 1700 facere.

182 1742 267 1789 Qua
288 1742 445 1780 Chorion
467 1741 598 1792 absque
619 1743 784 1793 placenta
811 1745 860 1783 est
876 1774 885 1788 ‚
921 1742 1091 1783 villosum
1117 1756 1204 1782 cum
1238 1744 1369 1782 villoso
1397 1752 1505 1783 utero
1536 1748 1629 1787 arete

69 1800 260 1837 conservet
281 1798 351 1849 a),
385 1798 476 1836 adeo
513 1799 626 1837 simile
648 1829 657 1843 ,
692 1808 732 1838 ut
762 1801 852 1850 saepe
887 1803 949 1839 vix
982 1801 1088 1851 poffis
1123 1801 1273 1838 definire
1295 1801 1333 1846 h)
1352 1830 1361 1844 ‚
1395 1814 1474 1851 quae
1501 1802 1630 1843 lacinia

68 1857 188 1893 chorii
211 1856 276 1898 fit,
306 1868 385 1905 quae
414 1857 517 1893 uteri,
563 1856 860 1906 Frequentiffime
889 1860 997 1896 etiam
1030 1871 1049 1896 a
1080 1866 1185 1907 partu
1223 1858 1310 1895 latas
1340 1858 1485 1896 lacinias
1513 1862 1630 1899 chorii

69 1915 214 1961 reperio
234 1941 244 1955 ‚
278 1925 356 1962 quae
385 1914 422 1949 in
449 1919 554 1951 utero
582 1913 786 1953 manserint.
847 1915 938 1953 Vidi
963 1923 1081 1954 totam
1110 1916 1303 1953 cavitatem
1330 1918 1424 1953 uteri
1454 1917 1632 1964 ejusmodi

71 1969 277 2007 velamento
301 1969 498 2007 obduuam
524 1969 626 2008 fuisse
647 1970 690 2014 c).

906 2027 945 2081 GV
961 2041 986 2077 g
1017 2040 1039 2066 2
1492 2030 1631 2070 Vincu-

112 2102 144 2136 k)
166 2102 307 2133 Ruucu.
336 2102 418 2143 Thes
433 2106 490 2135 ΙΙΙ.
510 2114 536 2134 n.
553 2111 580 2139 8.
608 2104 690 2144 Thes?
709 2107 756 2137 VJ.
772 2115 800 2135 n.
823 2115 878 2136 102
896 2116 961 2145 103.
984 2106 1108 2148 Adverfi
1122 2109 1146 2139 Ι.
1164 2116 1194 2140 n.
1207 2115 1235 2138 2.

119 2144 145 2179 l)
167 2143 311 2174 Adnotat.
329 2144 360 2175 L.
378 2145 397 2174 l.
415 2153 434 2174 t.
457 2155 480 2182 3.
501 2156 524 2175 c.
546 2152 587 2180 ¹8·

108 2184 156 2218 m)
178 2184 250 2213 Add.
269 2184 444 2214 vamum..
464 2187 531 2223 Eph.
557 2189 625 2217 Nat.
647 2189 711 2218 Cur.
737 2188 813 2217 Cmt.
828 2189 886 2219 IX.
905 2187 963 2217 obs.
986 2197 1034 2226 73.

113 2226 148 2258 n)
171 2223 341 2253 Mamm.
361 2224 447 2263 pesth.
464 2236 491 2263 p.
508 2232 557 2264 87.

114 2267 143 2298 ο)
166 2264 206 2294 Eo
227 2265 368 2294 referebat
387 2266 529 2298 Rumon.
548 2267 631 2307 Thef
648 2269 695 2299 VI.
713 2278 740 2298 n.
766 2278 831 2304 104.

112 2314 145 2343 p>
171 2306 349 2335 Romamn.
371 2306 416 2338 ibt.
432 2306 542 2344 perfesft'.
563 2319 590 2339 n.
608 2319 631 2344 5.

114 2348 145 2374 al
170 2346 290 2375 errssss.
309 2348 404 2378 stiunt.
424 2349 457 2376 de
475 2357 559 2385 ¹70¹·
574 2359 603 2387 p.
621 2352 687 2386 296.
711 2349 809 2379 Ham
827 2355 882 2379 rat.
899 2350 1029 2382 medend.
1045 2351 1093 2381 VI.
1107 2360 1136 2388 p.
1150 2358 1198 2389 29.

115 2388 146 2420 ὑ,
170 2387 394 2417 ἒῧοοιςνννϊεκ.
414 2398 442 2425 p.
462 2399 488 2424 9.
508 2399 552 2426 ¹3·

115 2427 146 2463 e)
171 2427 214 2457 LA
234 2427 355 2457 Μοττι
373 2427 430 2458 obs.
450 2437 495 2467 17.
