1955 2732
320 118 403 160 260
801 114 898 156 LIB.
929 113 1077 156 XXIX.
1138 116 1167 155 F
1196 115 1224 155 E
1254 117 1289 156 T
1318 117 1354 157 U
1384 116 1418 158 S.

434 225 579 265 Verum
609 224 747 265 infestiS
768 254 779 274 ‚
814 225 977 274 piscibus
999 253 1009 268 ,
1042 226 1167 264 avibus
1186 255 1196 270 ‚
1229 225 1525 276 quadrupedibus
1555 227 1622 266 alia
1653 229 1702 266 est
1732 236 1886 274 natura,

323 285 434 324 etiam
464 283 652 322 nonnullis
686 282 882 320 vermibus.
946 281 1084 321 Omnia
1112 283 1263 331 quidem
1295 295 1340 321 ex
1370 283 1550 321 consimili
1581 287 1714 323 vermis
1747 287 1886 325 mucofi

323 343 443 392 specie
468 342 581 378 vitam
608 340 826 378 ordiuntur:
859 338 918 376 fed
946 340 985 375 in
1012 340 1054 376 iis
1075 341 1235 388 partium
1258 340 1294 376 δε
1319 339 1511 379 discrimen
1530 369 1540 383 ,
1576 341 1612 378 δε
1634 341 1782 381 firmitas
1807 356 1888 381 non

327 398 425 437 tarda
453 396 621 436 succ-edit.
664 396 716 434 Ut
735 396 773 433 id
793 395 879 438 fiat,
914 408 1014 433 nunc
1040 403 1191 444 oportet
1215 408 1401 445 quaerere:
1430 397 1466 433 δε
1488 396 1628 435 sumere
1651 400 1759 436 nobis
1787 400 1887 447 gela-

324 455 490 493 tiuosum
517 454 646 497 illum,
680 460 739 491 tot
764 453 928 502 partibus
954 452 1149 490 latentibus
1177 453 1383 490 clanculum
1410 453 1622 492 instrutlum
1646 483 1655 497 ‚
1687 456 1886 494 informem

326 512 596 560 embryonem3
638 511 714 557 ejus
748 517 900 558 oportet
937 509 1177 559 obrepentem
1210 508 1338 546 senfim
1364 509 1626 558 perfec-”tionem
1657 511 1786 561 sequi,
1821 513 1882 556 &,

325 567 449 619 quoad
478 567 553 615 ejus
580 566 793 604 hominibus
817 566 904 603 licet
919 594 929 609 ,
963 565 1103 604 causam
1126 578 1251 603 earum
1278 568 1526 604 mutationum
1546 579 1715 617 quaerere.

439 649 605 688 Primum
624 649 658 685 δε
678 647 977 697 simplicissimum
999 649 1065 686 erit
1080 677 1091 691 ‚
1123 647 1168 685 de
1188 649 1338 685 materie
1365 647 1536 692 definire,
1563 660 1609 686 ex
1628 661 1700 699 qua
1715 648 1793 687 haec
1808 649 1884 687 for-

323 719 392 745 mae
422 705 585 744 animalis
614 705 780 743 evolutio
807 704 1045 743 subnascatur.
1147 709 1149 712 ’

436 788 563 826 Liceat
588 789 723 831 iterum
747 787 808 824 hic
832 787 956 826 avium
979 788 1034 826 uti
1059 787 1230 836 exemplo
1247 816 1258 830 ,
1290 786 1396 837 quod
1418 786 1592 825 humores
1613 799 1744 826 eorum
1767 789 1885 826 nutri-

321 847 394 884 tios
423 846 486 883 sub
518 845 635 882 oculis
661 844 882 882 habeamus:
915 844 1017 893 quod
1041 846 1140 881 enim
1164 844 1208 881 de
1236 851 1341 881 utero
1368 851 1533 881 materno
1555 846 1594 881 in
1610 844 1726 882 fetum
1748 844 1881 888 transit,

322 902 361 939 id
386 900 568 939 difficilius
592 901 727 939 dicitur
744 930 754 944 ,
787 900 850 938 etsr
871 901 996 938 fimilia
1017 901 1150 939 habere
1174 900 1374 942 elementa,
1411 908 1453 937 ut
1478 902 1516 936 in
1548 902 1692 942 avibus,
1716 899 1773 937 vel
1798 901 1884 937 inde

322 958 546 1000 concludas,
579 957 682 1006 quod
699 957 886 995 simillimae
901 957 984 994 inde
1000 970 1124 995 carnes
1139 985 1148 998 ,
1183 958 1219 993 ἂι
1241 956 1311 993 offa
1332 955 1510 994 fimillima
1528 958 1714 995 struantur.
1749 955 1884 994 Credas

321 1017 360 1052 in
388 1015 539 1053 homine
564 1013 767 1063 plurimum
790 1012 899 1051 inesse
921 1021 1056 1051 naturae
1079 1013 1277 1061 glutinosae.
1319 1012 1487 1050 Gravidis
1515 1013 1657 1050 feminis
1680 1011 1753 1050 offa
1778 1012 1884 1052 nullo

322 1071 416 1110 callo
442 1069 721 1109 confervescunt
735 1072 769 1113 c)
784 1098 793 1112 ,
823 1071 1004 1107 continuo
1026 1081 1137 1112 vero,
1158 1068 1307 1119 quando
1338 1069 1432 1107 fetus
1456 1069 1572 1106 editus
1600 1070 1650 1108 est
1667 1069 1723 1118 a’).
1770 1069 1884 1107 Albu-

320 1127 461 1166 minosa
486 1129 584 1165 enim
603 1156 613 1170 ‚
649 1127 685 1164 δε
710 1126 843 1177 absque
867 1126 936 1165 sale
957 1127 1073 1164 nimio
1099 1125 1230 1164 blanda
1256 1132 1382 1163 natura
1411 1126 1449 1162 in
1476 1127 1645 1164 omnium
1672 1126 1885 1164 animalium

320 1184 524 1223 alimentari
550 1184 658 1222 succo
686 1184 779 1226 fuit,
812 1185 921 1220 etiam
952 1184 991 1220 in
1026 1194 1138 1232 apum
1171 1183 1295 1232 primo
1329 1182 1490 1230 pabulo,
1519 1194 1594 1231 quo
1624 1182 1707 1220 suos
1741 1194 1883 1219 vermes

318 1243 488 1280 nutriunt
504 1243 552 1286 e).
596 1240 785 1278 Ele-vatum
810 1239 869 1289 effe
900 1241 936 1277 Sc
963 1241 1126 1277 vicinum
1158 1238 1343 1287 putredini
1351 1236 1396 1286 f)
1424 1251 1502 1276 non
1535 1239 1681 1283 credas,
1713 1238 1885 1288 putridus

320 1300 420 1336 enim
450 1298 575 1336 succus
604 1297 765 1335 animalis
800 1298 936 1335 amittit
973 1296 1019 1334 de
1047 1297 1084 1335 vi
1120 1294 1301 1346 glutinosa
1310 1297 1356 1343 g)
1369 1323 1380 1342 ,
1415 1296 1452 1332 &
1473 1295 1645 1334 albumen
1669 1297 1709 1333 in
1732 1307 1807 1333 ovo
1830 1294 1884 1333 fe-

320 1355 482 1393 cundato
506 1366 585 1392 non
610 1354 784 1404 putrescit
800 1354 852 1399 h).

430 1435 475 1474 In
505 1436 629 1474 avibus
658 1437 820 1485 primum
849 1435 1063 1473 alimentum
1090 1434 1262 1472 albumen
1285 1434 1333 1472 est
1349 1463 1358 1477 ,
1400 1433 1506 1472 latius
1526 1463 1536 1477 ‚
1570 1446 1680 1484 quam
1704 1433 1847 1472 vitellus
1865 1435 1882 1477 ,’

321 1493 358 1530 &
373 1505 437 1542 per
455 1492 644 1542 plerasque
663 1492 781 1530 classes
800 1493 1012 1530 animalium
1028 1521 1038 1535 ,
1072 1493 1180 1529 etiam
1202 1493 1239 1528 in
1258 1491 1399 1539 frigidis
1424 1491 1719 1540 quadrupedibus
1736 1520 1746 1533 ‚
1780 1491 1816 1527 &
1842 1491 1882 1528 in

319 1550 477 1599 piscibus
503 1550 788 1587 dominaturum.
837 1549 881 1587 Id
911 1550 1081 1587 albumen
1105 1549 1250 1596 penitus
1276 1547 1434 1599 lymphae
1463 1547 1630 1586 humanae
1653 1546 1766 1585 fimile
1798 1546 1847 1584 est
1864 1573 1877 1590 ,

320 1613 462 1644 tantum
476 1634 486 1649 ‚
520 1604 623 1655 quod
651 1605 840 1655 aliquanto
863 1605 905 1643 fit
924 1604 1164 1656 ponderofius
1181 1602 1221 1649 i).

430 1686 473 1725 Id
499 1687 671 1725 albumen
702 1688 738 1725 &
765 1687 891 1725 vitello
916 1687 949 1725 se
974 1686 1172 1729 admiscet,
1205 1692 1247 1724 ut
1277 1685 1367 1735 saepe
1396 1686 1586 1724 manifesto
1612 1684 1713 1728 vidi,
1745 1683 1880 1722 flavum

319 1743 443 1782 oleum
471 1745 508 1781 in
535 1745 684 1782 turbido
712 1744 790 1782 sero
808 1757 888 1782 non
904 1745 1138 1782 commistum
1162 1751 1306 1789 natare3
1339 1743 1375 1779 &
1395 1743 1526 1791 procul
1551 1742 1664 1781 dubio
1686 1743 1880 1779 tenerrima

318 1808 419 1850 parte
446 1800 497 1838 sui
524 1801 709 1849 liquorem
734 1801 1023 1850 colliquamento
1050 1800 1246 1838 constituit.
1297 1798 1485 1848 Siquidem
1505 1801 1603 1836 enim
1623 1800 1765 1836 amnios
1790 1809 1880 1835 con-

317 1859 423 1894 tinuo
455 1857 582 1894 crescit
596 1885 605 1899 ‚
639 1857 728 1895 dum
749 1870 861 1894 ovum
885 1858 1079 1895 incubatur
1101 1885 1110 1899 ‚
1150 1856 1185 1892 &
1217 1856 1274 1892 die
1296 1855 1444 1892 decimo
1468 1855 1640 1892 immensa
1661 1856 1699 1891 in
1716 1866 1755 1891 ea
1777 1865 1879 1902 aquae

319 1915 423 1962 copia
449 1914 497 1950 est
514 1942 524 1956 ,
541 1913 588 1950 ad
613 1926 692 1950 eam
707 1913 826 1956 relata,
845 1926 924 1963 quac
947 1914 1016 1951 suit
1034 1914 1092 1951 die
1112 1914 1233 1961 primo
1247 1940 1256 1954 ,
1282 1910 1458 1960 siquidem
1475 1913 1583 1948 etiam
1606 1923 1682 1948 non
1705 1910 1780 1947 aliae
1798 1910 1880 1958 sup·

317 1972 421 2020 petiae
452 1970 497 2008 ad
533 1971 685 2008 amn-ion
710 1972 831 2009 ven-ire
860 1969 1009 2020 possunt
1038 1999 1051 2014 ‚
1095 1968 1161 2007 nifi
1200 1980 1286 2018 quas
1323 1967 1495 2006 albumen
1525 1966 1729 2018 suppeditat
1765 1965 1880 2058 (naffi

1765 2029 1838 2060 Vlte

356 2113 385 2150 c)
408 2115 476 2153 ΕΜ.
496 2117 563 2146 Nat.
579 2117 643 2146 Cur.
657 2118 724 2145 Dec.
738 2117 761 2145 I.
779 2126 850 2146 ann.
864 2125 888 2146 1.
904 2113 963 2149 obs,
976 2123 1023 2152 25.
1052 2113 1197 2144 IlitnAN.
1216 2114 1290 2143 Ceut.
1309 2113 1360 2145 VI.
1377 2110 1436 2142 obs.
1455 2115 1504 2147 68.
1533 2110 1682 2141 Hur‘rn.
1703 2119 1738 2147 50
1766 2111 1874 2146 Curm,

316 2164 343 2193 p.
366 2165 429 2193 177.
459 2156 531 2186 Phil.
554 2154 661 2193 Trans]
683 2166 710 2185 n.
728 2165 797 2192 494.

357 2197 390 2231 d>
418 2197 487 2227 Phil.
508 2196 613 2235 Tranf
628 2197 644 2226 l.
661 2206 684 2226 c.

355 2239 382 2269 e)
407 2239 650 2266 Swmamffixnnm
667 2247 694 2274 p.
709 2247 776 2272 400.

348 2274 387 2314 s)
410 2277 577 2307 Nasuam
602 2289 628 2315 p.
647 2287 700 2313 251
740 2277 848 2306 LomY
872 2278 993 2306 aljmem
1010 2285 1036 2314 p.
1063 2285 1126 2310 ¹04.

353 2318 385 2354 3)
408 2317 497 2347 Recte
518 2317 587 2347 olim
612 2319 779 2348 Srnnrws
795 2340 802 2352 ⁷
826 2317 899 2347 made
923 2317 1023 2354 gluten
1048 2315 1152 2354 negligi
1171 2338 1178 2351 ‚
1203 2315 1281 2352 quod
1305 2314 1525 2345 fundumentum
1548 2314 1620 2344 cutis
1643 2311 1697 2348 fit,
1715 2313 1741 2342 ὅ(
1766 2310 1876 2351 pluma,-

316 2366 376 2385 rum
392 2380 399 2391 ,
425 2360 451 2388 δε
472 2357 595 2395 pilorum
611 2381 618 2393 ,
644 2360 669 2388 ἃ
694 2358 871 2395 squ-unarum
889 2380 897 2392 .,
923 2365 947 2386 c<
975 2358 1144 2392 ungulzrum
1169 2358 1220 2386 ἃς.
1250 2357 1425 2394 ῃηιωιιτίυι.
1450 2366 1479 2394 p.
1496 2365 1544 2392 49.

357 2398 388 2430 ἢ)
403 2398 554 2467 ἱῦῘῧΝωο
579 2397 634 2438 Elss
656 2398 723 2438 osci
747 2401 844 2429 feriet.
871 2406 902 2428 nt
926 2401 1038 2429 L.1'111:.'1·.
1062 2401 1096 2427 :21
1123 2407 1148 2434 p.
1172 2402 1238 2430 ωδ,

354 2448 378 2473 l)
417 2458 431 2466 ,.
473 2461 479 2467 .
502 2448 617 2477 p.1.:;.
