1955 2732
255 108 416 148 SECT.
449 107 500 148 II.
562 105 917 147 PRIMORDIA
960 104 1120 147 NOVI
1164 107 1467 150 ANIMALIS,
1558 111 1653 152 *101¹

84 218 236 256 riuntur.
296 216 411 265 Ajunt
435 217 479 254 ab
503 218 614 255 arIete
633 215 792 266 pendere
808 216 851 262 x)
871 245 881 259 ,
913 216 1099 265 agnosque
1117 214 1218 265 sequi
1240 216 1384 255 colores
1399 246 1409 261 ‚
1442 221 1504 268 qui
1523 220 1592 260 fint
1607 224 1648 260 in

84 276 160 322 ejus
175 273 300 323 lingua
309 271 354 322 y)
376 275 413 311 &
436 273 556 323 palato
573 302 584 317 ‚
618 274 655 311 <Sc
674 274 877 311 bonitatem
900 273 1013 322 prolis
1041 285 1059 309 a
1073 280 1175 321 patre
1195 271 1264 310 effe
1280 276 1334 318 z).
1367 274 1410 312 ln
1438 278 1648 316 universum

82 331 248 368 animalia
269 342 315 368 ex
339 330 423 368 albo
449 331 486 368 &
508 332 617 380 nigro
640 331 735 368 varia
757 342 836 368 non
857 329 952 368 nasci
972 330 1146 368 dicuntur
1161 357 1172 373 ‚
1200 328 1266 366 nisi
1288 332 1374 370 alter
1394 343 1522 381 parens
1542 335 1646 373 albus

81 386 124 425 fit
140 384 189 437 a).

194 467 328 506 Umbri
345 479 391 506 ex
406 467 621 512 mufimone,
652 469 789 519 equino
806 467 895 506 villo
915 467 1069 518 praedito
1082 495 1093 512 ,
1127 467 1164 505 δι
1179 480 1249 507 ove
1275 470 1379 513 nati,
1404 469 1515 508 hodie
1536 471 1648 520 igno,

81 530 205 562 rantur
223 523 276 573 h).

190 604 337 656 Lycisca
353 633 363 648 ‚
397 616 442 642 ex
467 612 583 643 matre
606 605 691 656 lupa
718 607 755 644 &
779 618 868 644 cane
892 613 994 656 patre
1018 613 1099 643 nata
1117 635 1126 649 ‚
1162 605 1247 656 lupa
1274 606 1344 644 fuit
1361 606 1403 652 c).
1450 607 1497 646 Et
1516 608 1654 649 contra'

79 661 238 705 dicitur,
273 662 443 700 catellum
470 662 589 701 levem
613 675 632 700 a
659 675 747 701 cane
772 663 911 701 hirsuto
935 664 1235 712 impraegnatam,
1268 676 1375 702 canes
1404 665 1500 703 solos
1528 666 1644 705 hirsu-

78 725 136 755 tos
163 731 288 767 parere
305 719 359 769 d).

189 798 245 838 Ex
270 796 358 838 can'e
389 800 426 837 δε
451 799 521 839 fele
548 807 675 839 natum
696 800 853 844 animal,
888 800 1023 850 legitur
1046 798 1148 839 fuiffe
1178 802 1311 839 canino
1342 814 1502 852 corpore
1519 832 1528 846 ,
1575 817 1645 842 un-
1689 824 1691 826 v

75 858 209 906 guibus
240 857 356 894 felinis
376 885 385 899 ‚
433 856 600 894 dentibus
625 860 765 901 acutis,
808 858 844 894 ὃς
877 858 956 908 pilo
982 859 1105 895 matris
1130 857 1163 901 e)
1194 857 1443 907 conspicuum.
1505 859 1564 896 Sic
1606 860 1639 909 J.

76 912 253 952 Locm:
265 912 312 964 f)
340 913 472 952 animal
508 923 554 952 ex
582 921 664 952 cato
702 915 738 951 &
774 913 865 963 glire
900 922 1050 957 natum,
1083 913 1271 964 utriusque
1296 922 1432 952 naturae
1459 917 1647 966 particepz

83 970 184 1008 dixit.

187 1049 243 1089 Ex
267 1050 440 1088 cuniculo
455 1062 566 1094 mare,
584 1052 620 1088 Sc
646 1064 691 1089 ex
719 1051 787 1088 fele
813 1052 958 1095 femina,
976 1051 1061 1101 lego
1086 1052 1218 1089 animal
1243 1059 1371 1091 natum
1397 1052 1464 1091 esse
1482 1055 1641 1092 anterius

77 1114 182 1155 cato,
215 1107 394 1156 posterius
420 1107 593 1145 cuniculo
620 1106 733 1144 fimile
744 1107 790 1155 g)
807 1136 818 1151 ‚
852 1108 954 1158 quod
974 1120 1068 1157 aegre
1089 1108 1254 1146 admitto.

189 1187 392 1225 Cuniculos
426 1189 591 1225 cinereos
616 1217 627 1231 ‚
667 1200 713 1227 ex
750 1190 870 1225 omnis
906 1189 1040 1227 coloris
1068 1190 1244 1227 matribus
1286 1192 1449 1228 cinereos
1484 1191 1641 1230 educere

75 1243 199 1294 pullos
219 1243 294 1292 h),
331 1245 367 1281 &
392 1245 430 1280 in
452 1244 633 1293 plerisque
656 1245 831 1293 exemplis
856 1245 1021 1283 colorem
1044 1247 1207 1296 pilorum
1241 1259 1259 1283 a
1292 1254 1393 1296 patre
1425 1248 1463 1284 in
1493 1248 1649 1298 prolem

75 1302 279 1350 propagari
297 1302 347 1347 i),
372 1301 408 1337 ὃς
435 1302 574 1349 antiqui
594 1301 756 1338 auetores
779 1303 916 1340 exstant
932 1303 968 1339 &
987 1304 1126 1352 nuperi.
1162 1306 1171 1317 ‘

187 1380 335 1421 Omitto
360 1382 519 1418 monstra
544 1382 662 1432 aliqua
689 1380 843 1432 suspeffir
858 1407 869 1426 -,
899 1384 936 1420 &
964 1385 1059 1421 forte
1087 1386 1194 1422 unice
1211 1384 1416 1427 difformia,
1445 1394 1567 1435 neque
1592 1399 1639 1424 ex

73 1437 217 1476 diverfis
240 1446 320 1475 nata
341 1438 550 1487 parentibus
569 1467 579 1481 ,
613 1446 655 1476 ut
671 1440 876 1477 monstrum
899 1452 944 1477 ex
967 1453 1054 1478 cane
1077 1442 1113 1478 &
1136 1440 1196 1478 sue
1215 1439 1254 1484 k>
1275 1448 1400 1479 natum
1418 1470 1428 1484 ‚
1464 1444 1581 1491 capite
1600 1445 1637 1480 δε

72 1494 243 1533 dentibus
266 1496 427 1537 caninis,
459 1494 539 1532 setis
566 1495 673 1533 nullis
688 1524 699 1538 ,
731 1495 790 1533 sed
813 1497 930 1534 rostro
954 1496 1052 1547 quasi
1077 1497 1310 1546 elephantino
1336 1510 1381 1535 ex
1407 1497 1489 1535 offis
1505 1499 1636 1536 frontis

70 1551 191 1588 radice
213 1550 306 1590 ossea
329 1550 557 1600 prodeunte:
590 1552 747 1589 monstra
772 1553 925 1602 hybrida
951 1555 1045 1591 inter
1067 1554 1216 1603 vulpem
1236 1553 1265 1598 l)
1297 1555 1332 1591 Sc
1357 1554 1523 1603 leporem
1541 1584 1551 1598 ,
1583 1557 1641 1593 fe-

70 1606 145 1645 lem
173 1608 209 1645 &
234 1607 452 1646 ‘cuniculum
472 1607 524 1652 m)
540 1637 549 1651 ‚
580 1621 708 1648 canem
733 1610 770 1647 ἃ,
796 1610 961 1659 leporem
981 1618 1061 1648 nata
1075 1622 1085 1656 3
1112 1610 1357 1648 semivitulum
1376 1612 1418 1657 n)
1436 1611 1472 1648 «Sc
1488 1611 1637 1650 semilu-

840 1665 877 1704 N
914 1677 931 1711 3
1515 1680 1635 1717 pum,

111 1741 145 1778 x)
170 1742 270 1773 oecon.
288 1742 447 1771 nachricht.
478 1739 512 1771 T.
527 1741 575 1772 IV.
597 1751 625 1780 p.
648 1751 694 1779 23.

105 1783 143 1820 y)
166 1781 366 1811 COLUMELLA
383 1782 414 1811 L.
429 1781 475 1812 VI.
496 1792 519 1812 c.
537 1786 580 1820 36.
607 1782 638 1814 L.
652 1782 711 1813 VII.
730 1793 754 1813 c.
772 1793 796 1821 3.
833 1784 923 1815 Pam.
939 1783 970 1815 L.
985 1783 1059 1816 VIII.
1077 1794 1101 1816 c.
1117 1790 1164 1822 48.
1198 1784 1244 1815 Dr,
1261 1784 1376 1816 Senes
1414 1785 1462 1817 Du
1491 1786 1632 1818 Pmoun.

70 1831 98 1860 p.
116 1831 183 1860 377.
216 1821 380 1852 MARTYN.
397 1823 427 1852 in
445 1825 539 1861 Georg.
559 1825 656 1862 Virgil.
674 1833 703 1861 p.
723 1827 789 1861 362.

109 1863 141 1899 2)
163 1863 324 1892 HAsn'ER.
345 1874 389 1892 om
402 1863 520 1902 susgoda
531 1863 607 1901 faor.
622 1874 650 1902 p.
665 1874 711 1902 70.

109 1903 142 1939 a)
164 1902 317 1932 Eanum
337 1904 503 1941 husband&
525 1914 553 1941 p.
570 1908 634 1942 342¹.

113 1945 145 1980 b>
168 1943 257 1973 Pin-1.
274 1943 304 1974 L.
322 1943 396 1974 vm.
416 1954 440 1974 c.
459 1954 506 1981 49.

110 1984 138 2019 c)
162 1983 268 2013 FAsar„
286 1985 364 2022 apud
378 1985 586 2014 HERNANm'z
608 1994 636 2022 p.
652 1995 722 2022 4912

110 2025 143 2060 d)
165 2023 395 2054 mezcrmxz.
424 2026 592 2063 cynograph.
619 2036 647 2063 ρ,
669 2036 712 2062 14.

110 2064 137 2099 e)
159 2064 309 2093 VERATTI
331 2067 421 2096 Galer.
446 2068 566 2095 minerv.
590 2066 625 2097 T.
643 2065 695 2097 VII
721 2078 749 2106 p.
766 2070 813 2106 67.
831 2073 972 2106 antoptes.

105 2103 144 2142 f)
167 2107 212 2134 De
234 2105 452 2136 l'entenst'ement
476 2106 504 2136 L.
525 2106 573 2136 III.
598 2117 620 2136 c.
644 2111 672 2138 6.

105 2145 139 2182 g)
162 2144 277 2174 Buca.
296 2145 330 2175 T.
351 2145 371 2175 Ι.
393 2156 421 2184 p.
439 2156 505 2183 393.

109 2184 142 2221 h)
166 2185 449 2217 LfinuwnNHotcx.
465 2194 546 2216 anat.
562 2186 599 2223 &²
613 2190 759 2227 contempl.
772 2199 800 2228 p.
815 2200 860 2226 54.
876 2200 920 2225 ςς,

108 2226 134 2262 i)
157 2225 354 2255 Commenta
373 2224 400 2257 L.
418 2227 464 2259 VI.
484 2237 507 2257 c.
526 2236 571 2265 37.
595 2229 660 2258 add.
679 2228 819 2261 Buri-om.
837 2230 871 2260 T.
887 2229 932 2260 VI.
953 2240 980 2269 p.
1002 2239 1069 2269 30¹³

109 2267 141 2302 k)
163 2268 325 2304 Hamhurg.
340 2268 462 2304 Magaz.
480 2267 514 2297 Τ.
526 2268 563 2298 Χ.
581 2278 608 2299 n.
626 2279 653 2304 4·

108 2306 134 2342 I)
157 2306 261 2335 ΚΑως.
295 2307 457 2345 Ιψῖϋέςιῑίηι
481 2306 538 2346 myli
563 2311 590 2346 ⁴p.
611 2313 676 2346 236.
697 2310 726 2339 ni
743 2309 833 2340 fallor.

109 2347 153 2381 m)
166 2346 322 2376 Mon'rou.
337 2355 399 2377 met,
411 2348 469 2386 hist.
487 2348 521 2386 of
531 2350 820 2388 Northamptonshire
832 2361 859 2390 p.
874 2361 942 2388 444,
966 2352 1022 2383 Sed
1040 2360 1100 2383 erat
1113 2362 1178 2383 vera
1192 2352 1264 2382 fehe.

110 2387 145 2423 κ’)
168 2386 344 2420 VALian.
367 2387 402 2418 T.
413 2388 462 2420 ln.
478 2398 506 2426 p.
524 2399 593 2426 451.
768 2400 770 2402 ·
