<?xml version="1.0" encoding="UTF-8"?>
<!DOCTYPE html PUBLIC "-//W3C//DTD XHTML 1.0 Transitional//EN"
    "http://www.w3.org/TR/xhtml1/DTD/xhtml1-transitional.dtd">
<html xmlns="http://www.w3.org/1999/xhtml" xml:lang="en" lang="en">
 <head>
  <title>
</title>
<meta http-equiv="Content-Type" content="text/html;charset=utf-8" />
  <meta name='ocr-system' content='tesseract 3.04.00' />
  <meta name='ocr-capabilities' content='ocr_page ocr_carea ocr_par ocr_line ocrx_word'/>
</head>
<body>
  <div class='ocr_page' id='page_1' title='image "./elementaphysiolo08hall_0063.png"; bbox 0 0 1955 2732; ppageno 0'>
   <div class='ocr_carea' id='block_1_1' title="bbox 501 109 1688 173">
    <p class='ocr_par' dir='ltr' id='par_1_1' title="bbox 501 109 1688 173">
     <span class='ocr_line' id='line_1_1' title="bbox 501 109 1688 173; baseline -0.001 -18"><span class='ocrx_word' id='word_1_1' title='bbox 501 110 727 155; x_wconf 60' lang='lat' dir='ltr'><strong>seor-‚r</strong></span> <span class='ocrx_word' id='word_1_2' title='bbox 789 109 1325 160; x_wconf 60' lang='lat' dir='ltr'><strong>concep-Tio,</strong></span> <span class='ocrx_word' id='word_1_3' title='bbox 1637 122 1688 173; x_wconf 55' lang='grc' dir='ltr'><strong>ῃ</strong></span> 
     </span>
    </p>
   </div>
   <div class='ocr_carea' id='block_1_2' title="bbox 138 216 1693 498">
    <p class='ocr_par' dir='ltr' id='par_1_2' title="bbox 138 216 1693 498">
     <span class='ocr_line' id='line_1_2' title="bbox 246 216 1689 273; baseline -0.003 -9"><span class='ocrx_word' id='word_1_4' title='bbox 246 223 371 264; x_wconf 86' lang='lat' dir='ltr'><strong>Multo</strong></span> <span class='ocrx_word' id='word_1_5' title='bbox 382 234 514 273; x_wconf 82' lang='lat' dir='ltr'><strong>nempe</strong></span> <span class='ocrx_word' id='word_1_6' title='bbox 523 220 771 261; x_wconf 82' lang='lat' dir='ltr'>numerosiora</span> <span class='ocrx_word' id='word_1_7' title='bbox 786 219 946 271; x_wconf 89' lang='lat' dir='ltr'><strong>pericula</strong></span> <span class='ocrx_word' id='word_1_8' title='bbox 959 219 1040 264; x_wconf 86' lang='lat' dir='ltr'><strong>feci,</strong></span> <span class='ocrx_word' id='word_1_9' title='bbox 1054 231 1165 270; x_wconf 86' lang='lat' dir='ltr'>quam</span> <span class='ocrx_word' id='word_1_10' title='bbox 1176 218 1231 258; x_wconf 89' lang='lat' dir='ltr'><strong>Cl.</strong></span> <span class='ocrx_word' id='word_1_11' title='bbox 1242 216 1532 260; x_wconf 69' lang='lat' dir='ltr'><strong>adversariorum,</strong></span> <span class='ocrx_word' id='word_1_12' title='bbox 1540 217 1689 271; x_wconf 82' lang='lat' dir='ltr'><strong>aliquis:</strong></span> 
     </span>
     <span class='ocr_line' id='line_1_3' title="bbox 139 276 1688 330; baseline -0.003 -10"><span class='ocrx_word' id='word_1_13' title='bbox 139 283 265 320; x_wconf 84' lang='lat' dir='ltr'><strong>ovium</strong></span> <span class='ocrx_word' id='word_1_14' title='bbox 283 281 328 319; x_wconf 85' lang='lat' dir='ltr'><strong>ad</strong></span> <span class='ocrx_word' id='word_1_15' title='bbox 348 280 584 330; x_wconf 67' lang='lat' dir='ltr'><strong>quadraginta</strong></span> <span class='ocrx_word' id='word_1_16' title='bbox 605 291 762 329; x_wconf 86' lang='lat' dir='ltr'><strong>corpora</strong></span> <span class='ocrx_word' id='word_1_17' title='bbox 781 276 904 321; x_wconf 88' lang='lat' dir='ltr'><strong>incidi,</strong></span> <span class='ocrx_word' id='word_1_18' title='bbox 925 277 1131 316; x_wconf 82' lang='lat' dir='ltr'><strong>catenarum</strong></span> <span class='ocrx_word' id='word_1_19' title='bbox 1147 276 1192 314; x_wconf 84' lang='lat' dir='ltr'><strong>ad</strong></span> <span class='ocrx_word' id='word_1_20' title='bbox 1215 276 1375 324; x_wconf 86' lang='lat' dir='ltr'><strong>triginta,</strong></span> <span class='ocrx_word' id='word_1_21' title='bbox 1391 283 1520 325; x_wconf 86' lang='lat' dir='ltr'><strong>praeter</strong></span> <span class='ocrx_word' id='word_1_22' title='bbox 1541 288 1661 326; x_wconf 87' lang='lat' dir='ltr'><strong>capras</strong></span> <span class='ocrx_word' id='word_1_23' title='bbox 1677 306 1688 322; x_wconf 85' lang='lat'>‚</span> 
     </span>
     <span class='ocr_line' id='line_1_4' title="bbox 139 332 1687 386; baseline -0.003 -10"><span class='ocrx_word' id='word_1_24' title='bbox 139 350 260 376; x_wconf 79' lang='lat' dir='ltr'><strong>vaccas</strong></span> <span class='ocrx_word' id='word_1_25' title='bbox 276 366 286 381; x_wconf 92' lang='lat'><em>,</em></span> <span class='ocrx_word' id='word_1_26' title='bbox 330 349 459 386; x_wconf 81' lang='lat' dir='ltr'><strong>porcas</strong></span> <span class='ocrx_word' id='word_1_27' title='bbox 475 365 486 379; x_wconf 87' lang='lat'><em>,</em></span> <span class='ocrx_word' id='word_1_28' title='bbox 519 336 625 385; x_wconf 86' lang='lat' dir='ltr'>glires</span> <span class='ocrx_word' id='word_1_29' title='bbox 643 364 653 377; x_wconf 89' lang='lat'><em>‚</em></span> <span class='ocrx_word' id='word_1_30' title='bbox 686 334 876 373; x_wconf 88' lang='lat' dir='ltr'><strong>cuniculos</strong></span> <span class='ocrx_word' id='word_1_31' title='bbox 896 362 906 376; x_wconf 96' lang='lat'>,</span> <span class='ocrx_word' id='word_1_32' title='bbox 933 333 1129 371; x_wconf 84' lang='lat' dir='ltr'>mulierum</span> <span class='ocrx_word' id='word_1_33' title='bbox 1157 332 1306 370; x_wconf 87' lang='lat' dir='ltr'><strong>demum</strong></span> <span class='ocrx_word' id='word_1_34' title='bbox 1338 339 1400 369; x_wconf 85' lang='lat' dir='ltr'><strong>aut</strong></span> <span class='ocrx_word' id='word_1_35' title='bbox 1431 332 1687 380; x_wconf 83' lang='lat' dir='ltr'><strong>gravidarum,</strong></span> 
     </span>
     <span class='ocr_line' id='line_1_5' title="bbox 138 388 1693 443; baseline -0.005 -12"><span class='ocrx_word' id='word_1_36' title='bbox 138 403 199 433; x_wconf 79' lang='lat' dir='ltr'><strong>aut</strong></span> <span class='ocrx_word' id='word_1_37' title='bbox 216 406 332 443; x_wconf 86' lang='lat' dir='ltr'>nuper</span> <span class='ocrx_word' id='word_1_38' title='bbox 352 393 483 431; x_wconf 83' lang='lat' dir='ltr'><strong>abortu</strong></span> <span class='ocrx_word' id='word_1_39' title='bbox 494 392 736 434; x_wconf 84' lang='lat' dir='ltr'><strong>liberatarum,</strong></span> <span class='ocrx_word' id='word_1_40' title='bbox 751 392 788 428; x_wconf 89' lang='lat'>&amp;</span> <span class='ocrx_word' id='word_1_41' title='bbox 802 401 1072 440; x_wconf 73' lang='lat' dir='ltr'>puerperarum,</span> <span class='ocrx_word' id='word_1_42' title='bbox 1093 401 1250 438; x_wconf 90' lang='lat' dir='ltr'><strong>corpora</strong></span> <span class='ocrx_word' id='word_1_43' title='bbox 1264 388 1410 437; x_wconf 83' lang='lat' dir='ltr'><strong>septem.</strong></span> <span class='ocrx_word' id='word_1_44' title='bbox 1455 388 1512 426; x_wconf 84' lang='lat' dir='ltr'><strong>Ita</strong></span> <span class='ocrx_word' id='word_1_45' title='bbox 1532 388 1603 427; x_wconf 73' lang='lat' dir='ltr'><strong>Gn</strong></span> <span class='ocrx_word' id='word_1_46' title='bbox 1616 402 1693 428; x_wconf 69' lang='grc' dir='ltr'><strong>ΑΛ.</strong></span> 
     </span>
     <span class='ocr_line' id='line_1_6' title="bbox 141 445 1357 498; baseline -0.007 -9"><span class='ocrx_word' id='word_1_47' title='bbox 141 463 159 489; x_wconf 71' lang='grc' dir='ltr'><strong>Β</strong></span> <span class='ocrx_word' id='word_1_48' title='bbox 175 464 189 488; x_wconf 93' lang='lat'>1</span> <span class='ocrx_word' id='word_1_49' title='bbox 202 463 254 488; x_wconf 78' lang='lat' dir='ltr'><strong>us</strong></span> <span class='ocrx_word' id='word_1_50' title='bbox 277 453 317 498; x_wconf 82' lang='lat' dir='ltr'><strong>a)</strong></span> <span class='ocrx_word' id='word_1_51' title='bbox 340 456 488 487; x_wconf 86' lang='lat' dir='ltr'><strong>centum</strong></span> <span class='ocrx_word' id='word_1_52' title='bbox 502 448 712 490; x_wconf 78' lang='lat' dir='ltr'><strong>cuniculos,</strong></span> <span class='ocrx_word' id='word_1_53' title='bbox 748 448 784 484; x_wconf 90' lang='lat'>&amp;</span> <span class='ocrx_word' id='word_1_54' title='bbox 807 459 894 486; x_wconf 90' lang='lat' dir='ltr'><strong>oves</strong></span> <span class='ocrx_word' id='word_1_55' title='bbox 916 446 1153 496; x_wconf 85' lang='lat' dir='ltr'><strong>quadraginta</strong></span> <span class='ocrx_word' id='word_1_56' title='bbox 1173 445 1357 483; x_wconf 83' lang='lat' dir='ltr'><strong>inciderat.</strong></span> 
     </span>
    </p>
   </div>
   <div class='ocr_carea' id='block_1_3' title="bbox 140 525 1696 750">
    <p class='ocr_par' dir='ltr' id='par_1_3' title="bbox 140 525 1696 750">
     <span class='ocr_line' id='line_1_7' title="bbox 251 525 1695 578; baseline -0.002 -9"><span class='ocrx_word' id='word_1_57' title='bbox 251 529 297 569; x_wconf 90' lang='lat' dir='ltr'><strong>Et</strong></span> <span class='ocrx_word' id='word_1_58' title='bbox 323 539 466 572; x_wconf 82' lang='lat' dir='ltr'><strong>tamen,</strong></span> <span class='ocrx_word' id='word_1_59' title='bbox 498 536 556 567; x_wconf 84' lang='lat' dir='ltr'><strong>tot</strong></span> <span class='ocrx_word' id='word_1_60' title='bbox 576 531 614 566; x_wconf 86' lang='lat' dir='ltr'><strong>in</strong></span> <span class='ocrx_word' id='word_1_61' title='bbox 633 528 802 578; x_wconf 86' lang='lat' dir='ltr'><strong>periculis</strong></span> <span class='ocrx_word' id='word_1_62' title='bbox 818 556 828 571; x_wconf 88' lang='lat'>‚</span> <span class='ocrx_word' id='word_1_63' title='bbox 861 540 1049 577; x_wconf 81' lang='lat' dir='ltr'><strong>nunquam</strong></span> <span class='ocrx_word' id='word_1_64' title='bbox 1068 527 1181 565; x_wconf 90' lang='lat' dir='ltr'><strong>incidi</strong></span> <span class='ocrx_word' id='word_1_65' title='bbox 1198 528 1236 564; x_wconf 89' lang='lat' dir='ltr'><strong>in</strong></span> <span class='ocrx_word' id='word_1_66' title='bbox 1261 538 1394 576; x_wconf 90' lang='lat' dir='ltr'><strong>corpus</strong></span> <span class='ocrx_word' id='word_1_67' title='bbox 1416 525 1580 570; x_wconf 91' lang='lat' dir='ltr'><strong>luteum,</strong></span> <span class='ocrx_word' id='word_1_68' title='bbox 1604 528 1695 578; x_wconf 80' lang='lat' dir='ltr'><strong>quin</strong></span> 
     </span>
     <span class='ocr_line' id='line_1_8' title="bbox 140 583 1696 635; baseline -0.002 -10"><span class='ocrx_word' id='word_1_69' title='bbox 140 600 211 626; x_wconf 84' lang='lat' dir='ltr'><strong>una</strong></span> <span class='ocrx_word' id='word_1_70' title='bbox 227 586 465 635; x_wconf 87' lang='lat' dir='ltr'><strong>cotyledones</strong></span> <span class='ocrx_word' id='word_1_71' title='bbox 486 587 694 635; x_wconf 87' lang='lat' dir='ltr'><strong>reperirem,</strong></span> <span class='ocrx_word' id='word_1_72' title='bbox 709 585 753 622; x_wconf 85' lang='lat' dir='ltr'><strong>ad</strong></span> <span class='ocrx_word' id='word_1_73' title='bbox 770 587 932 634; x_wconf 85' lang='lat' dir='ltr'><strong>priorem</strong></span> <span class='ocrx_word' id='word_1_74' title='bbox 952 585 1109 633; x_wconf 81' lang='lat' dir='ltr'>aliquam</span> <span class='ocrx_word' id='word_1_75' title='bbox 1126 583 1379 633; x_wconf 81' lang='lat' dir='ltr'><strong>graviditatem</strong></span> <span class='ocrx_word' id='word_1_76' title='bbox 1397 584 1636 632; x_wconf 86' lang='lat' dir='ltr'><strong>pertinentes,</strong></span> <span class='ocrx_word' id='word_1_77' title='bbox 1658 585 1696 622; x_wconf 90' lang='lat'>&amp;</span> 
     </span>
     <span class='ocr_line' id='line_1_9' title="bbox 140 640 1696 691; baseline -0.001 -10"><span class='ocrx_word' id='word_1_78' title='bbox 140 643 328 681; x_wconf 85' lang='lat' dir='ltr'><strong>manifesto</strong></span> <span class='ocrx_word' id='word_1_79' title='bbox 352 642 521 679; x_wconf 87' lang='lat' dir='ltr'><strong>homines</strong></span> <span class='ocrx_word' id='word_1_80' title='bbox 553 642 748 679; x_wconf 83' lang='lat' dir='ltr'><strong>refutarem</strong></span> <span class='ocrx_word' id='word_1_81' title='bbox 771 669 781 684; x_wconf 93' lang='lat'>,</span> <span class='ocrx_word' id='word_1_82' title='bbox 812 642 876 691; x_wconf 89' lang='lat' dir='ltr'><strong>qui</strong></span> <span class='ocrx_word' id='word_1_83' title='bbox 903 653 971 689; x_wconf 90' lang='lat' dir='ltr'><strong>pro</strong></span> <span class='ocrx_word' id='word_1_84' title='bbox 1004 641 1206 689; x_wconf 85' lang='lat' dir='ltr'><strong>virginibus</strong></span> <span class='ocrx_word' id='word_1_85' title='bbox 1227 668 1238 683; x_wconf 94' lang='lat'><em>,</em></span> <span class='ocrx_word' id='word_1_86' title='bbox 1270 647 1332 677; x_wconf 86' lang='lat' dir='ltr'><strong>aut</strong></span> <span class='ocrx_word' id='word_1_87' title='bbox 1358 640 1476 689; x_wconf 87' lang='lat' dir='ltr'><strong>prima</strong></span> <span class='ocrx_word' id='word_1_88' title='bbox 1500 641 1581 678; x_wconf 86' lang='lat' dir='ltr'><strong>vice</strong></span> <span class='ocrx_word' id='word_1_89' title='bbox 1606 652 1696 679; x_wconf 87' lang='lat' dir='ltr'><strong>con-</strong></span> 
     </span>
     <span class='ocr_line' id='line_1_10' title="bbox 141 696 1083 750; baseline -0.004 -12"><span class='ocrx_word' id='word_1_90' title='bbox 141 701 311 750; x_wconf 86' lang='lat' dir='ltr'><strong>ceptione</strong></span> <span class='ocrx_word' id='word_1_91' title='bbox 328 698 504 736; x_wconf 63' lang='lat' dir='ltr'><strong>defundis</strong></span> <span class='ocrx_word' id='word_1_92' title='bbox 516 727 527 741; x_wconf 86' lang='lat'><strong><em>,</em></strong></span> <span class='ocrx_word' id='word_1_93' title='bbox 547 698 712 736; x_wconf 80' lang='lat' dir='ltr'><strong>animalia</strong></span> <span class='ocrx_word' id='word_1_94' title='bbox 732 697 823 734; x_wconf 88' lang='lat' dir='ltr'><strong>mihi</strong></span> <span class='ocrx_word' id='word_1_95' title='bbox 838 696 1083 735; x_wconf 85' lang='lat' dir='ltr'><strong>vendiderant.</strong></span> 
     </span>
    </p>
   </div>
   <div class='ocr_carea' id='block_1_4' title="bbox 143 775 1705 1220">
    <p class='ocr_par' dir='ltr' id='par_1_4' title="bbox 143 775 1705 1220">
     <span class='ocr_line' id='line_1_11' title="bbox 253 775 1698 830; baseline -0.001 -12"><span class='ocrx_word' id='word_1_96' title='bbox 253 780 384 830; x_wconf 88' lang='lat' dir='ltr'><strong>Neque</strong></span> <span class='ocrx_word' id='word_1_97' title='bbox 400 779 556 817; x_wconf 84' lang='lat' dir='ltr'><strong>maculas</strong></span> <span class='ocrx_word' id='word_1_98' title='bbox 570 808 580 822; x_wconf 90' lang='lat'>,</span> <span class='ocrx_word' id='word_1_99' title='bbox 612 786 674 817; x_wconf 85' lang='lat' dir='ltr'><strong>aut</strong></span> <span class='ocrx_word' id='word_1_100' title='bbox 695 777 778 816; x_wconf 84' lang='lat' dir='ltr'><strong>flavi</strong></span> <span class='ocrx_word' id='word_1_101' title='bbox 803 779 891 829; x_wconf 92' lang='lat' dir='ltr'><strong>quid</strong></span> <span class='ocrx_word' id='word_1_102' title='bbox 904 807 913 821; x_wconf 91' lang='lat'><strong><em>,</em></strong></span> <span class='ocrx_word' id='word_1_103' title='bbox 932 779 970 815; x_wconf 90' lang='lat' dir='ltr'><strong>in</strong></span> <span class='ocrx_word' id='word_1_104' title='bbox 991 786 1050 816; x_wconf 92' lang='lat' dir='ltr'><strong>tot</strong></span> <span class='ocrx_word' id='word_1_105' title='bbox 1069 778 1199 816; x_wconf 83' lang='lat' dir='ltr'><strong>ovariis</strong></span> <span class='ocrx_word' id='word_1_106' title='bbox 1218 777 1336 827; x_wconf 89' lang='lat' dir='ltr'><strong>reperi</strong></span> <span class='ocrx_word' id='word_1_107' title='bbox 1351 775 1408 822; x_wconf 85' lang='lat' dir='ltr'><strong>h),</strong></span> <span class='ocrx_word' id='word_1_108' title='bbox 1443 777 1506 814; x_wconf 90' lang='lat' dir='ltr'><strong>nifi</strong></span> <span class='ocrx_word' id='word_1_109' title='bbox 1525 789 1606 828; x_wconf 85' lang='lat' dir='ltr'><strong>quae</strong></span> <span class='ocrx_word' id='word_1_110' title='bbox 1622 790 1698 817; x_wconf 72' lang='lat' dir='ltr'><strong>ma-</strong></span> 
     </span>
     <span class='ocr_line' id='line_1_12' title="bbox 143 834 1699 884; baseline -0.001 -10"><span class='ocrx_word' id='word_1_111' title='bbox 143 837 267 874; x_wconf 87' lang='lat' dir='ltr'><strong>nifesta</strong></span> <span class='ocrx_word' id='word_1_112' title='bbox 293 845 392 874; x_wconf 81' lang='lat' dir='ltr'><strong>erant</strong></span> <span class='ocrx_word' id='word_1_113' title='bbox 422 837 609 874; x_wconf 89' lang='lat' dir='ltr'><strong>luteorum</strong></span> <span class='ocrx_word' id='word_1_114' title='bbox 637 847 838 884; x_wconf 88' lang='lat' dir='ltr'><strong>corporum</strong></span> <span class='ocrx_word' id='word_1_115' title='bbox 867 834 1046 872; x_wconf 81' lang='lat' dir='ltr'><strong>cadavera.</strong></span> <span class='ocrx_word' id='word_1_116' title='bbox 1116 834 1170 872; x_wconf 90' lang='lat' dir='ltr'><strong>Ut</strong></span> <span class='ocrx_word' id='word_1_117' title='bbox 1203 845 1333 872; x_wconf 90' lang='lat' dir='ltr'><strong>eorum</strong></span> <span class='ocrx_word' id='word_1_118' title='bbox 1366 845 1569 883; x_wconf 91' lang='lat' dir='ltr'><strong>corporum</strong></span> <span class='ocrx_word' id='word_1_119' title='bbox 1598 836 1699 872; x_wconf 86' lang='lat' dir='ltr'><strong>rudi-</strong></span> 
     </span>
     <span class='ocr_line' id='line_1_13' title="bbox 143 889 1697 941; baseline -0.001 -11"><span class='ocrx_word' id='word_1_120' title='bbox 143 901 264 930; x_wconf 86' lang='lat' dir='ltr'><strong>menta</strong></span> <span class='ocrx_word' id='word_1_121' title='bbox 285 893 426 935; x_wconf 84' lang='lat' dir='ltr'><strong>forent,</strong></span> <span class='ocrx_word' id='word_1_122' title='bbox 441 900 629 941; x_wconf 87' lang='lat' dir='ltr'><strong>oporteret</strong></span> <span class='ocrx_word' id='word_1_123' title='bbox 650 892 744 929; x_wconf 82' lang='lat' dir='ltr'><strong>hanc</strong></span> <span class='ocrx_word' id='word_1_124' title='bbox 760 891 888 929; x_wconf 85' lang='lat' dir='ltr'>flavam</span> <span class='ocrx_word' id='word_1_125' title='bbox 904 890 1085 929; x_wconf 85' lang='lat' dir='ltr'><strong>acinosam</strong></span> <span class='ocrx_word' id='word_1_126' title='bbox 1099 898 1263 928; x_wconf 80' lang='lat' dir='ltr'><strong>naturam</strong></span> <span class='ocrx_word' id='word_1_127' title='bbox 1281 891 1319 927; x_wconf 93' lang='lat' dir='ltr'><strong>in</strong></span> <span class='ocrx_word' id='word_1_128' title='bbox 1336 889 1412 928; x_wconf 87' lang='lat' dir='ltr'><strong>fetu</strong></span> <span class='ocrx_word' id='word_1_129' title='bbox 1427 902 1574 940; x_wconf 84' lang='lat' dir='ltr'><strong>parvam</strong></span> <span class='ocrx_word' id='word_1_130' title='bbox 1603 890 1673 928; x_wconf 87' lang='lat' dir='ltr'><strong>effe</strong></span> <span class='ocrx_word' id='word_1_131' title='bbox 1686 919 1697 935; x_wconf 84' lang='lat'><strong>.</strong></span> 
     </span>
     <span class='ocr_line' id='line_1_14' title="bbox 145 946 1698 996; baseline -0.001 -10"><span class='ocrx_word' id='word_1_132' title='bbox 145 950 180 986; x_wconf 88' lang='lat'>&amp;</span> <span class='ocrx_word' id='word_1_133' title='bbox 198 961 283 988; x_wconf 77' lang='lat' dir='ltr'><strong>cum</strong></span> <span class='ocrx_word' id='word_1_134' title='bbox 295 957 396 986; x_wconf 66' lang='lat' dir='ltr'><strong>aetate</strong></span> <span class='ocrx_word' id='word_1_135' title='bbox 406 949 561 986; x_wconf 84' lang='lat' dir='ltr'><strong>crescere</strong></span> <span class='ocrx_word' id='word_1_136' title='bbox 570 947 614 992; x_wconf 79' lang='lat' dir='ltr'><strong>c),</strong></span> <span class='ocrx_word' id='word_1_137' title='bbox 634 949 668 984; x_wconf 68' lang='grc' dir='ltr'><strong>δε</strong></span> <span class='ocrx_word' id='word_1_138' title='bbox 683 950 879 985; x_wconf 77' lang='lat' dir='ltr'><strong>maximam</strong></span> <span class='ocrx_word' id='word_1_139' title='bbox 891 946 958 985; x_wconf 85' lang='lat' dir='ltr'><strong>effe</strong></span> <span class='ocrx_word' id='word_1_140' title='bbox 979 948 1042 985; x_wconf 93' lang='lat' dir='ltr'><strong>sub</strong></span> <span class='ocrx_word' id='word_1_141' title='bbox 1057 955 1224 996; x_wconf 87' lang='lat' dir='ltr'><strong>tempora</strong></span> <span class='ocrx_word' id='word_1_142' title='bbox 1239 947 1378 983; x_wconf 88' lang='lat' dir='ltr'><strong>veneris</strong></span> <span class='ocrx_word' id='word_1_143' title='bbox 1390 975 1399 989; x_wconf 96' lang='lat'>‚</span> <span class='ocrx_word' id='word_1_144' title='bbox 1425 948 1460 983; x_wconf 67' lang='grc' dir='ltr'><strong>ὃς</strong></span> <span class='ocrx_word' id='word_1_145' title='bbox 1474 954 1675 996; x_wconf 89' lang='lat' dir='ltr'><strong>conceptus</strong></span> <span class='ocrx_word' id='word_1_146' title='bbox 1690 960 1698 984; x_wconf 91' lang='lat'>:</span> 
     </span>
     <span class='ocr_line' id='line_1_15' title="bbox 146 1001 1699 1053; baseline -0.001 -11"><span class='ocrx_word' id='word_1_147' title='bbox 146 1004 317 1043; x_wconf 85' lang='lat' dir='ltr'><strong>deberent</strong></span> <span class='ocrx_word' id='word_1_148' title='bbox 333 1007 439 1042; x_wconf 80' lang='lat' dir='ltr'><strong>etiam</strong></span> <span class='ocrx_word' id='word_1_149' title='bbox 453 1005 579 1042; x_wconf 83' lang='lat' dir='ltr'><strong>eadem</strong></span> <span class='ocrx_word' id='word_1_150' title='bbox 593 1017 747 1053; x_wconf 86' lang='lat' dir='ltr'><strong>corpora</strong></span> <span class='ocrx_word' id='word_1_151' title='bbox 762 1006 955 1042; x_wconf 83' lang='lat' dir='ltr'><strong>tenerrima</strong></span> <span class='ocrx_word' id='word_1_152' title='bbox 969 1003 1036 1041; x_wconf 85' lang='lat' dir='ltr'><strong>effe</strong></span> <span class='ocrx_word' id='word_1_153' title='bbox 1054 1004 1090 1041; x_wconf 85' lang='lat'>&amp;</span> <span class='ocrx_word' id='word_1_154' title='bbox 1104 1001 1307 1041; x_wconf 85' lang='lat' dir='ltr'><strong>molliffima</strong></span> <span class='ocrx_word' id='word_1_155' title='bbox 1322 1004 1358 1039; x_wconf 92' lang='lat' dir='ltr'><strong>in</strong></span> <span class='ocrx_word' id='word_1_156' title='bbox 1375 1004 1511 1050; x_wconf 87' lang='lat' dir='ltr'><strong>juniori</strong></span> <span class='ocrx_word' id='word_1_157' title='bbox 1532 1004 1699 1047; x_wconf 79' lang='lat' dir='ltr'><strong>animale,</strong></span> 
     </span>
     <span class='ocr_line' id='line_1_16' title="bbox 147 1059 1701 1102; baseline -0.001 -4"><span class='ocrx_word' id='word_1_158' title='bbox 147 1061 229 1099; x_wconf 88' lang='lat' dir='ltr'><strong>inde</strong></span> <span class='ocrx_word' id='word_1_159' title='bbox 244 1060 368 1098; x_wconf 86' lang='lat' dir='ltr'><strong>senfim</strong></span> <span class='ocrx_word' id='word_1_160' title='bbox 383 1061 589 1098; x_wconf 78' lang='lat' dir='ltr'><strong>indurari&amp;</strong></span> <span class='ocrx_word' id='word_1_161' title='bbox 607 1060 800 1098; x_wconf 76' lang='lat' dir='ltr'><strong>canescere.</strong></span> <span class='ocrx_word' id='word_1_162' title='bbox 861 1059 973 1098; x_wconf 91' lang='lat' dir='ltr'><strong>Nunc</strong></span> <span class='ocrx_word' id='word_1_163' title='bbox 992 1060 1127 1097; x_wconf 90' lang='lat' dir='ltr'><strong>horum</strong></span> <span class='ocrx_word' id='word_1_164' title='bbox 1146 1061 1315 1096; x_wconf 90' lang='lat' dir='ltr'><strong>omnium</strong></span> <span class='ocrx_word' id='word_1_165' title='bbox 1333 1061 1513 1096; x_wconf 86' lang='lat' dir='ltr'><strong>contraria</strong></span> <span class='ocrx_word' id='word_1_166' title='bbox 1525 1059 1701 1102; x_wconf 80' lang='lat' dir='ltr'><strong>vidimus,</strong></span> 
     </span>
     <span class='ocr_line' id='line_1_17' title="bbox 146 1114 1705 1164; baseline -0.001 -10"><span class='ocrx_word' id='word_1_167' title='bbox 146 1117 233 1155; x_wconf 87' lang='lat' dir='ltr'><strong>lutei</strong></span> <span class='ocrx_word' id='word_1_168' title='bbox 248 1146 257 1159; x_wconf 92' lang='lat'><em>,</em></span> <span class='ocrx_word' id='word_1_169' title='bbox 291 1124 372 1153; x_wconf 85' lang='lat' dir='ltr'><strong>ante</strong></span> <span class='ocrx_word' id='word_1_170' title='bbox 401 1118 685 1164; x_wconf 82' lang='lat' dir='ltr'><strong>conceptionem</strong></span> <span class='ocrx_word' id='word_1_171' title='bbox 702 1145 712 1158; x_wconf 92' lang='lat'>,</span> <span class='ocrx_word' id='word_1_172' title='bbox 754 1116 865 1153; x_wconf 89' lang='lat' dir='ltr'><strong>nihil:</strong></span> <span class='ocrx_word' id='word_1_173' title='bbox 907 1116 1189 1153; x_wconf 86' lang='lat' dir='ltr'><strong>teneritudinem</strong></span> <span class='ocrx_word' id='word_1_174' title='bbox 1204 1143 1214 1157; x_wconf 90' lang='lat'>‚</span> <span class='ocrx_word' id='word_1_175' title='bbox 1247 1116 1373 1163; x_wconf 88' lang='lat' dir='ltr'><strong>primis</strong></span> <span class='ocrx_word' id='word_1_176' title='bbox 1404 1114 1505 1152; x_wconf 91' lang='lat' dir='ltr'><strong>horis</strong></span> <span class='ocrx_word' id='word_1_177' title='bbox 1525 1143 1535 1157; x_wconf 92' lang='lat'><strong>,</strong></span> <span class='ocrx_word' id='word_1_178' title='bbox 1576 1115 1636 1152; x_wconf 92' lang='lat' dir='ltr'><strong>sed</strong></span> <span class='ocrx_word' id='word_1_179' title='bbox 1665 1118 1705 1153; x_wconf 84' lang='lat' dir='ltr'><strong>in</strong></span> 
     </span>
     <span class='ocr_line' id='line_1_18' title="bbox 145 1170 1704 1220; baseline -0.001 -10"><span class='ocrx_word' id='word_1_180' title='bbox 145 1174 353 1211; x_wconf 79' lang='lat' dir='ltr'><strong>membrana</strong></span> <span class='ocrx_word' id='word_1_181' title='bbox 375 1173 410 1208; x_wconf 72' lang='grc' dir='ltr'><strong>δε</strong></span> <span class='ocrx_word' id='word_1_182' title='bbox 437 1174 476 1208; x_wconf 90' lang='lat' dir='ltr'><strong>in</strong></span> <span class='ocrx_word' id='word_1_183' title='bbox 501 1172 676 1216; x_wconf 76' lang='lat' dir='ltr'><strong>vesicula3</strong></span> <span class='ocrx_word' id='word_1_184' title='bbox 708 1170 839 1208; x_wconf 87' lang='lat' dir='ltr'><strong>deinde</strong></span> <span class='ocrx_word' id='word_1_185' title='bbox 867 1172 1033 1209; x_wconf 82' lang='lat' dir='ltr'><strong>eamdem</strong></span> <span class='ocrx_word' id='word_1_186' title='bbox 1058 1170 1341 1208; x_wconf 88' lang='lat' dir='ltr'><strong>teneritudinem</strong></span> <span class='ocrx_word' id='word_1_187' title='bbox 1362 1171 1400 1206; x_wconf 91' lang='lat' dir='ltr'><strong>in</strong></span> <span class='ocrx_word' id='word_1_188' title='bbox 1415 1182 1516 1207; x_wconf 90' lang='lat' dir='ltr'><strong>novo</strong></span> <span class='ocrx_word' id='word_1_189' title='bbox 1545 1181 1704 1220; x_wconf 89' lang='lat' dir='ltr'><strong>corpore</strong></span> 
     </span>
    </p>
   </div>
   <div class='ocr_carea' id='block_1_5' title="bbox 147 1225 1704 1326">
    <p class='ocr_par' dir='ltr' id='par_1_5' title="bbox 147 1225 1704 1326">
     <span class='ocr_line' id='line_1_19' title="bbox 147 1225 1704 1277; baseline -0.002 -10"><span class='ocrx_word' id='word_1_190' title='bbox 147 1229 272 1271; x_wconf 83' lang='lat' dir='ltr'><strong>luteo,</strong></span> <span class='ocrx_word' id='word_1_191' title='bbox 306 1228 405 1277; x_wconf 90' lang='lat' dir='ltr'><strong>quod</strong></span> <span class='ocrx_word' id='word_1_192' title='bbox 434 1239 479 1265; x_wconf 82' lang='lat' dir='ltr'><strong>ex</strong></span> <span class='ocrx_word' id='word_1_193' title='bbox 503 1227 594 1264; x_wconf 89' lang='lat' dir='ltr'><strong>villis</strong></span> <span class='ocrx_word' id='word_1_194' title='bbox 628 1228 664 1264; x_wconf 89' lang='lat'>&amp;</span> <span class='ocrx_word' id='word_1_195' title='bbox 695 1226 820 1265; x_wconf 87' lang='lat' dir='ltr'><strong>floccis</strong></span> <span class='ocrx_word' id='word_1_196' title='bbox 843 1228 960 1266; x_wconf 75' lang='lat' dir='ltr'><strong>rubr1s</strong></span> <span class='ocrx_word' id='word_1_197' title='bbox 979 1254 989 1270; x_wconf 90' lang='lat'><em>,</em></span> <span class='ocrx_word' id='word_1_198' title='bbox 1024 1238 1103 1264; x_wconf 91' lang='lat' dir='ltr'><strong>non</strong></span> <span class='ocrx_word' id='word_1_199' title='bbox 1122 1238 1168 1264; x_wconf 83' lang='lat' dir='ltr'><strong>ex</strong></span> <span class='ocrx_word' id='word_1_200' title='bbox 1190 1225 1331 1264; x_wconf 81' lang='lat' dir='ltr'><strong>macula</strong></span> <span class='ocrx_word' id='word_1_201' title='bbox 1351 1225 1454 1270; x_wconf 84' lang='lat' dir='ltr'><strong>alba,</strong></span> <span class='ocrx_word' id='word_1_202' title='bbox 1489 1226 1526 1263; x_wconf 90' lang='lat'>&amp;</span> <span class='ocrx_word' id='word_1_203' title='bbox 1556 1227 1602 1264; x_wconf 89' lang='lat' dir='ltr'><strong>ad</strong></span> <span class='ocrx_word' id='word_1_204' title='bbox 1631 1229 1704 1267; x_wconf 81' lang='lat' dir='ltr'><strong>ima</strong></span> 
     </span>
     <span class='ocr_line' id='line_1_20' title="bbox 147 1282 722 1326; baseline -0.003 -3"><span class='ocrx_word' id='word_1_205' title='bbox 147 1293 290 1325; x_wconf 79' lang='lat' dir='ltr'><strong>tantum</strong></span> <span class='ocrx_word' id='word_1_206' title='bbox 306 1283 476 1326; x_wconf 75' lang='lat' dir='ltr'><strong>veficulae,</strong></span> <span class='ocrx_word' id='word_1_207' title='bbox 494 1282 722 1322; x_wconf 86' lang='lat' dir='ltr'><strong>subnascitur.</strong></span> 
     </span>
    </p>
   </div>
   <div class='ocr_carea' id='block_1_6' title="bbox 149 1363 1708 1809">
    <p class='ocr_par' dir='ltr' id='par_1_6' title="bbox 149 1363 1708 1809">
     <span class='ocr_line' id='line_1_21' title="bbox 260 1363 1706 1415; baseline 0.001 -12"><span class='ocrx_word' id='word_1_208' title='bbox 260 1366 406 1404; x_wconf 84' lang='lat' dir='ltr'><strong>Deinde</strong></span> <span class='ocrx_word' id='word_1_209' title='bbox 434 1365 661 1404; x_wconf 81' lang='lat' dir='ltr'><strong>manifestum</strong></span> <span class='ocrx_word' id='word_1_210' title='bbox 690 1365 740 1403; x_wconf 86' lang='lat' dir='ltr'><strong>est</strong></span> <span class='ocrx_word' id='word_1_211' title='bbox 759 1394 768 1409; x_wconf 92' lang='lat'>‚</span> <span class='ocrx_word' id='word_1_212' title='bbox 813 1377 947 1415; x_wconf 91' lang='lat' dir='ltr'><strong>corpus</strong></span> <span class='ocrx_word' id='word_1_213' title='bbox 978 1364 1120 1404; x_wconf 89' lang='lat' dir='ltr'><strong>luteum</strong></span> <span class='ocrx_word' id='word_1_214' title='bbox 1152 1363 1221 1403; x_wconf 78' lang='lat' dir='ltr'><strong>esse</strong></span> <span class='ocrx_word' id='word_1_215' title='bbox 1256 1363 1419 1403; x_wconf 82' lang='lat' dir='ltr'><strong>veficulae</strong></span> <span class='ocrx_word' id='word_1_216' title='bbox 1453 1364 1706 1415; x_wconf 51' lang='lat' dir='ltr'><strong>degeneratio}</strong></span> 
     </span>
     <span class='ocr_line' id='line_1_22' title="bbox 149 1420 1706 1473; baseline 0.002 -14"><span class='ocrx_word' id='word_1_217' title='bbox 149 1435 235 1460; x_wconf 86' lang='lat' dir='ltr'><strong>nem</strong></span> <span class='ocrx_word' id='word_1_218' title='bbox 254 1423 292 1466; x_wconf 82' lang='lat' dir='ltr'><strong>d)</strong></span> <span class='ocrx_word' id='word_1_219' title='bbox 313 1452 323 1465; x_wconf 94' lang='lat'>,</span> <span class='ocrx_word' id='word_1_220' title='bbox 355 1435 433 1472; x_wconf 78' lang='lat' dir='ltr'><strong>quae</strong></span> <span class='ocrx_word' id='word_1_221' title='bbox 454 1430 611 1465; x_wconf 77' lang='lat' dir='ltr'><strong>tumeat,</strong></span> <span class='ocrx_word' id='word_1_222' title='bbox 647 1422 778 1459; x_wconf 86' lang='lat' dir='ltr'><strong>deinde</strong></span> <span class='ocrx_word' id='word_1_223' title='bbox 799 1430 1007 1471; x_wconf 82' lang='lat' dir='ltr'><strong>rumpatur,</strong></span> <span class='ocrx_word' id='word_1_224' title='bbox 1038 1434 1116 1459; x_wconf 90' lang='lat' dir='ltr'><strong>non</strong></span> <span class='ocrx_word' id='word_1_225' title='bbox 1133 1420 1206 1459; x_wconf 88' lang='lat' dir='ltr'><strong>fine</strong></span> <span class='ocrx_word' id='word_1_226' title='bbox 1223 1421 1372 1459; x_wconf 89' lang='lat' dir='ltr'><strong>vulnere</strong></span> <span class='ocrx_word' id='word_1_227' title='bbox 1391 1421 1605 1471; x_wconf 87' lang='lat' dir='ltr'><strong>sanguinem</strong></span> <span class='ocrx_word' id='word_1_228' title='bbox 1624 1424 1706 1473; x_wconf 90' lang='lat' dir='ltr'><strong>sup-</strong></span> 
     </span>
     <span class='ocr_line' id='line_1_23' title="bbox 151 1477 1706 1530; baseline 0.001 -14"><span class='ocrx_word' id='word_1_229' title='bbox 151 1480 335 1530; x_wconf 86' lang='lat' dir='ltr'><strong>peditante</strong></span> <span class='ocrx_word' id='word_1_230' title='bbox 355 1492 366 1525; x_wconf 82' lang='lat'>3</span> <span class='ocrx_word' id='word_1_231' title='bbox 398 1486 485 1516; x_wconf 87' lang='lat' dir='ltr'><strong>tunc</strong></span> <span class='ocrx_word' id='word_1_232' title='bbox 507 1478 632 1516; x_wconf 81' lang='lat' dir='ltr'><strong>emisso</strong></span> <span class='ocrx_word' id='word_1_233' title='bbox 657 1478 812 1516; x_wconf 86' lang='lat' dir='ltr'><strong>humore</strong></span> <span class='ocrx_word' id='word_1_234' title='bbox 832 1480 928 1516; x_wconf 88' lang='lat' dir='ltr'><strong>intus</strong></span> <span class='ocrx_word' id='word_1_235' title='bbox 949 1478 1074 1516; x_wconf 87' lang='lat' dir='ltr'><strong>floccis</strong></span> <span class='ocrx_word' id='word_1_236' title='bbox 1093 1477 1273 1527; x_wconf 85' lang='lat' dir='ltr'><strong>repleatur</strong></span> <span class='ocrx_word' id='word_1_237' title='bbox 1297 1506 1308 1520; x_wconf 85' lang='lat'><strong>,</strong></span> <span class='ocrx_word' id='word_1_238' title='bbox 1340 1479 1404 1527; x_wconf 87' lang='lat' dir='ltr'><strong>qui</strong></span> <span class='ocrx_word' id='word_1_239' title='bbox 1438 1479 1613 1528; x_wconf 85' lang='lat' dir='ltr'><strong>paulatim</strong></span> <span class='ocrx_word' id='word_1_240' title='bbox 1649 1480 1706 1518; x_wconf 91' lang='lat' dir='ltr'><strong>so-</strong></span> 
     </span>
     <span class='ocr_line' id='line_1_24' title="bbox 152 1533 1708 1584; baseline 0.002 -12"><span class='ocrx_word' id='word_1_241' title='bbox 152 1535 360 1573; x_wconf 86' lang='lat' dir='ltr'><strong>lidescentes</strong></span> <span class='ocrx_word' id='word_1_242' title='bbox 377 1563 386 1577; x_wconf 92' lang='lat'><strong>,</strong></span> <span class='ocrx_word' id='word_1_243' title='bbox 418 1534 568 1573; x_wconf 81' lang='lat' dir='ltr'><strong>demum</strong></span> <span class='ocrx_word' id='word_1_244' title='bbox 589 1536 780 1572; x_wconf 82' lang='lat' dir='ltr'><strong>acinorum</strong></span> <span class='ocrx_word' id='word_1_245' title='bbox 804 1535 961 1572; x_wconf 82' lang='lat' dir='ltr'><strong>formam</strong></span> <span class='ocrx_word' id='word_1_246' title='bbox 982 1534 1074 1571; x_wconf 59' lang='lat' dir='ltr'><strong>nacti</strong></span> <span class='ocrx_word' id='word_1_247' title='bbox 1088 1563 1097 1577; x_wconf 92' lang='lat'>,</span> <span class='ocrx_word' id='word_1_248' title='bbox 1131 1546 1260 1572; x_wconf 71' lang='lat' dir='ltr'><strong>cavum</strong></span> <span class='ocrx_word' id='word_1_249' title='bbox 1281 1533 1444 1571; x_wconf 82' lang='lat' dir='ltr'><strong>veficulae</strong></span> <span class='ocrx_word' id='word_1_250' title='bbox 1468 1535 1650 1584; x_wconf 87' lang='lat' dir='ltr'><strong>repleant,</strong></span> <span class='ocrx_word' id='word_1_251' title='bbox 1664 1543 1708 1574; x_wconf 87' lang='lat' dir='ltr'><strong>ut</strong></span> 
     </span>
     <span class='ocr_line' id='line_1_25' title="bbox 154 1590 1707 1642; baseline 0.001 -13"><span class='ocrx_word' id='word_1_252' title='bbox 154 1603 252 1629; x_wconf 86' lang='lat' dir='ltr'><strong>nunc</strong></span> <span class='ocrx_word' id='word_1_253' title='bbox 272 1604 387 1642; x_wconf 59' lang='lat' dir='ltr'><strong>capi,</strong></span> <span class='ocrx_word' id='word_1_254' title='bbox 419 1591 598 1639; x_wconf 81' lang='lat' dir='ltr'><strong>glandulae</strong></span> <span class='ocrx_word' id='word_1_255' title='bbox 624 1590 764 1633; x_wconf 77' lang='lat' dir='ltr'><strong>similis,</strong></span> <span class='ocrx_word' id='word_1_256' title='bbox 797 1590 885 1628; x_wconf 89' lang='lat' dir='ltr'><strong>lutei</strong></span> <span class='ocrx_word' id='word_1_257' title='bbox 910 1592 1075 1640; x_wconf 71' lang='lat' dir='ltr'><strong>corporis</strong></span> <span class='ocrx_word' id='word_1_258' title='bbox 1098 1602 1237 1628; x_wconf 89' lang='lat' dir='ltr'><strong>nomen</strong></span> <span class='ocrx_word' id='word_1_259' title='bbox 1258 1596 1410 1628; x_wconf 85' lang='lat' dir='ltr'><strong>tueatur.</strong></span> <span class='ocrx_word' id='word_1_260' title='bbox 1471 1590 1596 1636; x_wconf 74' lang='lat' dir='ltr'><strong>Quare</strong></span> <span class='ocrx_word' id='word_1_261' title='bbox 1625 1604 1707 1630; x_wconf 89' lang='lat' dir='ltr'><strong>om-</strong></span> 
     </span>
     <span class='ocr_line' id='line_1_26' title="bbox 154 1647 1707 1696; baseline 0.001 -11"><span class='ocrx_word' id='word_1_262' title='bbox 154 1650 244 1685; x_wconf 90' lang='lat' dir='ltr'><strong>nino</strong></span> <span class='ocrx_word' id='word_1_263' title='bbox 269 1647 348 1685; x_wconf 85' lang='lat' dir='ltr'><strong>fieri</strong></span> <span class='ocrx_word' id='word_1_264' title='bbox 365 1659 441 1684; x_wconf 89' lang='lat' dir='ltr'><strong>non</strong></span> <span class='ocrx_word' id='word_1_265' title='bbox 462 1647 581 1695; x_wconf 85' lang='lat' dir='ltr'><strong>potest</strong></span> <span class='ocrx_word' id='word_1_266' title='bbox 604 1674 614 1689; x_wconf 95' lang='lat'>,</span> <span class='ocrx_word' id='word_1_267' title='bbox 647 1655 688 1684; x_wconf 92' lang='lat' dir='ltr'><strong>ut</strong></span> <span class='ocrx_word' id='word_1_268' title='bbox 704 1655 786 1684; x_wconf 78' lang='lat' dir='ltr'><strong>ante</strong></span> <span class='ocrx_word' id='word_1_269' title='bbox 803 1648 943 1684; x_wconf 90' lang='lat' dir='ltr'><strong>coitum</strong></span> <span class='ocrx_word' id='word_1_270' title='bbox 970 1659 1104 1696; x_wconf 82' lang='lat' dir='ltr'><strong>corpus</strong></span> <span class='ocrx_word' id='word_1_271' title='bbox 1126 1647 1264 1684; x_wconf 66' lang='lat' dir='ltr'><strong>luteum</strong></span> <span class='ocrx_word' id='word_1_272' title='bbox 1288 1648 1326 1682; x_wconf 91' lang='lat' dir='ltr'><strong>in</strong></span> <span class='ocrx_word' id='word_1_273' title='bbox 1350 1647 1476 1684; x_wconf 77' lang='lat' dir='ltr'><strong>ovatio</strong></span> <span class='ocrx_word' id='word_1_274' title='bbox 1494 1647 1600 1691; x_wconf 70' lang='lat' dir='ltr'><strong>adsit,</strong></span> <span class='ocrx_word' id='word_1_275' title='bbox 1621 1661 1707 1687; x_wconf 91' lang='lat' dir='ltr'><strong>cum</strong></span> 
     </span>
     <span class='ocr_line' id='line_1_27' title="bbox 155 1702 1706 1754; baseline 0.002 -13"><span class='ocrx_word' id='word_1_276' title='bbox 155 1704 191 1742; x_wconf 85' lang='lat' dir='ltr'><strong>id</strong></span> <span class='ocrx_word' id='word_1_277' title='bbox 212 1732 222 1747; x_wconf 91' lang='lat'><strong>‚</strong></span> <span class='ocrx_word' id='word_1_278' title='bbox 255 1716 301 1740; x_wconf 80' lang='lat' dir='ltr'><strong>ex</strong></span> <span class='ocrx_word' id='word_1_279' title='bbox 325 1710 461 1740; x_wconf 81' lang='lat' dir='ltr'><strong>naturae</strong></span> <span class='ocrx_word' id='word_1_280' title='bbox 489 1702 570 1751; x_wconf 85' lang='lat' dir='ltr'><strong>lege</strong></span> <span class='ocrx_word' id='word_1_281' title='bbox 590 1730 600 1744; x_wconf 89' lang='lat'>‚</span> <span class='ocrx_word' id='word_1_282' title='bbox 632 1703 784 1740; x_wconf 87' lang='lat' dir='ltr'><strong>demum</strong></span> <span class='ocrx_word' id='word_1_283' title='bbox 814 1715 860 1740; x_wconf 84' lang='lat' dir='ltr'><strong>ex</strong></span> <span class='ocrx_word' id='word_1_284' title='bbox 892 1702 1043 1740; x_wconf 65' lang='lat' dir='ltr'><strong>vesicula</strong></span> <span class='ocrx_word' id='word_1_285' title='bbox 1071 1709 1207 1740; x_wconf 80' lang='lat' dir='ltr'><strong>mutata</strong></span> <span class='ocrx_word' id='word_1_286' title='bbox 1233 1702 1482 1746; x_wconf 84' lang='lat' dir='ltr'><strong>deformetur,</strong></span> <span class='ocrx_word' id='word_1_287' title='bbox 1514 1715 1634 1754; x_wconf 87' lang='lat' dir='ltr'><strong>neque</strong></span> <span class='ocrx_word' id='word_1_288' title='bbox 1661 1716 1706 1743; x_wconf 83' lang='lat' dir='ltr'><strong>ex</strong></span> 
     </span>
     <span class='ocr_line' id='line_1_28' title="bbox 155 1757 1523 1809; baseline -0.001 -11"><span class='ocrx_word' id='word_1_289' title='bbox 155 1759 365 1799; x_wconf 84' lang='lat' dir='ltr'><strong>rudimento</strong></span> <span class='ocrx_word' id='word_1_290' title='bbox 392 1759 445 1797; x_wconf 85' lang='lat' dir='ltr'><strong>sui</strong></span> <span class='ocrx_word' id='word_1_291' title='bbox 473 1757 576 1796; x_wconf 86' lang='lat' dir='ltr'><strong>fimili</strong></span> <span class='ocrx_word' id='word_1_292' title='bbox 594 1758 626 1803; x_wconf 85' lang='lat' dir='ltr'><strong>e)</strong></span> <span class='ocrx_word' id='word_1_293' title='bbox 645 1787 656 1802; x_wconf 95' lang='lat'>,</span> <span class='ocrx_word' id='word_1_294' title='bbox 687 1759 747 1797; x_wconf 87' lang='lat' dir='ltr'><strong>sed</strong></span> <span class='ocrx_word' id='word_1_295' title='bbox 772 1770 817 1797; x_wconf 83' lang='lat' dir='ltr'><strong>ex</strong></span> <span class='ocrx_word' id='word_1_296' title='bbox 845 1758 996 1797; x_wconf 60' lang='lat' dir='ltr'><strong>vesscula</strong></span> <span class='ocrx_word' id='word_1_297' title='bbox 1018 1770 1152 1809; x_wconf 75' lang='lat' dir='ltr'><strong>corpus</strong></span> <span class='ocrx_word' id='word_1_298' title='bbox 1172 1758 1311 1797; x_wconf 88' lang='lat' dir='ltr'><strong>luteum</strong></span> <span class='ocrx_word' id='word_1_299' title='bbox 1337 1758 1523 1797; x_wconf 80' lang='lat' dir='ltr'><strong>adolescat.</strong></span> 
     </span>
    </p>
   </div>
   <div class='ocr_carea' id='block_1_7' title="bbox 1524 1895 1701 1942">
    <p class='ocr_par' dir='ltr' id='par_1_7' title="bbox 1524 1895 1701 1942">
     <span class='ocr_line' id='line_1_29' title="bbox 1524 1895 1701 1942; baseline 0.011 -8"><span class='ocrx_word' id='word_1_300' title='bbox 1524 1899 1555 1942; x_wconf 68' lang='grc' dir='ltr'><strong>ς.</strong></span> <span class='ocrx_word' id='word_1_301' title='bbox 1596 1895 1701 1936; x_wconf 81' lang='lat' dir='ltr'><strong>XVI.</strong></span> 
     </span>
    </p>
   </div>
   <div class='ocr_carea' id='block_1_8' title="bbox 159 2015 1710 2337">
    <p class='ocr_par' dir='ltr' id='par_1_8' title="bbox 159 2015 1704 2137">
     <span class='ocr_line' id='line_1_30' title="bbox 198 2015 1704 2057; baseline 0 -8"><span class='ocrx_word' id='word_1_302' title='bbox 198 2020 229 2054; x_wconf 72' lang='lat' dir='ltr'><strong>a)</strong></span> <span class='ocrx_word' id='word_1_303' title='bbox 252 2017 365 2057; x_wconf 62' lang='lat' dir='ltr'><strong>Discus.</strong></span> <span class='ocrx_word' id='word_1_304' title='bbox 390 2023 466 2057; x_wconf 74' lang='lat' dir='ltr'><strong>part.</strong></span> <span class='ocrx_word' id='word_1_305' title='bbox 493 2019 579 2056; x_wconf 65' lang='lat' dir='ltr'><strong>gemit.</strong></span> <span class='ocrx_word' id='word_1_306' title='bbox 609 2028 637 2057; x_wconf 81' lang='lat' dir='ltr'><strong>p.</strong></span> <span class='ocrx_word' id='word_1_307' title='bbox 661 2021 708 2050; x_wconf 83' lang='lat'><strong>66.</strong></span> <span class='ocrx_word' id='word_1_308' title='bbox 766 2017 834 2048; x_wconf 72' lang='lat' dir='ltr'><strong>Non</strong></span> <span class='ocrx_word' id='word_1_309' title='bbox 858 2017 975 2055; x_wconf 76' lang='lat' dir='ltr'><strong>reperiri</strong></span> <span class='ocrx_word' id='word_1_310' title='bbox 1003 2023 1082 2048; x_wconf 78' lang='lat' dir='ltr'><strong>extra</strong></span> <span class='ocrx_word' id='word_1_311' title='bbox 1108 2024 1238 2056; x_wconf 74' lang='lat' dir='ltr'><strong>tempora</strong></span> <span class='ocrx_word' id='word_1_312' title='bbox 1273 2015 1431 2056; x_wconf 78' lang='lat' dir='ltr'><strong>pubertatis</strong></span> <span class='ocrx_word' id='word_1_313' title='bbox 1464 2016 1704 2049; x_wconf 54' lang='lat' dir='ltr'><strong>Sanroxrx.</strong></span> 
     </span>
     <span class='ocr_line' id='line_1_31' title="bbox 159 2068 563 2137; baseline -0.005 -7"><span class='ocrx_word' id='word_1_314' title='bbox 159 2073 184 2102; x_wconf 44' lang='lat' dir='ltr'><strong>p·</strong></span> <span class='ocrx_word' id='word_1_315' title='bbox 196 2068 452 2135; x_wconf 42' lang='lat' dir='ltr'><strong>&amp;linum-«MAN.</strong></span> <span class='ocrx_word' id='word_1_316' title='bbox 468 2109 497 2137; x_wconf 87' lang='lat' dir='ltr'><strong>p.</strong></span> <span class='ocrx_word' id='word_1_317' title='bbox 516 2109 563 2131; x_wconf 80' lang='lat'><strong>10:</strong></span> 
     </span>
    </p>

    <p class='ocr_par' dir='ltr' id='par_1_9' title="bbox 198 2138 957 2176">
     <span class='ocr_line' id='line_1_32' title="bbox 198 2138 957 2176; baseline 0.001 -9"><span class='ocrx_word' id='word_1_318' title='bbox 198 2140 226 2170; x_wconf 59' lang='lat' dir='ltr'><strong>c)</strong></span> <span class='ocrx_word' id='word_1_319' title='bbox 248 2139 290 2169; x_wconf 80' lang='lat' dir='ltr'><strong>Ita</strong></span> <span class='ocrx_word' id='word_1_320' title='bbox 316 2139 432 2176; x_wconf 74' lang='lat' dir='ltr'><strong>quidem</strong></span> <span class='ocrx_word' id='word_1_321' title='bbox 456 2138 552 2169; x_wconf 78' lang='lat' dir='ltr'><strong>scribit</strong></span> <span class='ocrx_word' id='word_1_322' title='bbox 574 2138 767 2171; x_wconf 51' lang='lat' dir='ltr'><strong>nusum.</strong></span> <span class='ocrx_word' id='word_1_323' title='bbox 793 2149 818 2171; x_wconf 82' lang='lat' dir='ltr'><strong>c.</strong></span> <span class='ocrx_word' id='word_1_324' title='bbox 836 2148 862 2176; x_wconf 86' lang='lat'><strong>9.</strong></span> <span class='ocrx_word' id='word_1_325' title='bbox 881 2148 910 2168; x_wconf 82' lang='lat' dir='ltr'><strong>n.</strong></span> <span class='ocrx_word' id='word_1_326' title='bbox 932 2149 957 2175; x_wconf 85' lang='grc' dir='ltr'><strong>ς.</strong></span> 
     </span>
    </p>

    <p class='ocr_par' dir='ltr' id='par_1_10' title="bbox 162 2176 1710 2337">
     <span class='ocr_line' id='line_1_33' title="bbox 198 2176 1710 2218; baseline -0.001 -10"><span class='ocrx_word' id='word_1_327' title='bbox 198 2182 230 2211; x_wconf 69' lang='grc' dir='ltr'><strong>ιζ)</strong></span> <span class='ocrx_word' id='word_1_328' title='bbox 253 2180 338 2209; x_wconf 82' lang='lat' dir='ltr'><strong>Conf.</strong></span> <span class='ocrx_word' id='word_1_329' title='bbox 362 2179 562 2210; x_wconf 51' lang='lat' dir='ltr'><strong>Kouni-:amm</strong></span> <span class='ocrx_word' id='word_1_330' title='bbox 583 2189 611 2218; x_wconf 86' lang='lat' dir='ltr'><strong>p.</strong></span> <span class='ocrx_word' id='word_1_331' title='bbox 627 2190 674 2216; x_wconf 81' lang='lat'><strong>41·</strong></span> <span class='ocrx_word' id='word_1_332' title='bbox 690 2189 738 2215; x_wconf 74' lang='lat'><strong>42.</strong></span> <span class='ocrx_word' id='word_1_333' title='bbox 784 2178 1154 2217; x_wconf 60' lang='lat' dir='ltr'><strong>Duvssnwn.11.p.330.</strong></span> <span class='ocrx_word' id='word_1_334' title='bbox 1201 2178 1385 2209; x_wconf 50' lang='lat' dir='ltr'><strong>Samma.</strong></span> <span class='ocrx_word' id='word_1_335' title='bbox 1400 2187 1429 2216; x_wconf 87' lang='lat' dir='ltr'><strong>p.</strong></span> <span class='ocrx_word' id='word_1_336' title='bbox 1443 2187 1510 2216; x_wconf 83' lang='lat'><strong>223.</strong></span> <span class='ocrx_word' id='word_1_337' title='bbox 1544 2177 1629 2207; x_wconf 72' lang='lat' dir='ltr'><strong>etiam</strong></span> <span class='ocrx_word' id='word_1_338' title='bbox 1653 2176 1710 2208; x_wconf 45' lang='lat' dir='ltr'><strong>Gr.</strong></span> 
     </span>
     <span class='ocr_line' id='line_1_34' title="bbox 163 2223 1710 2298; baseline -0.002 -9"><span class='ocrx_word' id='word_1_339' title='bbox 163 2223 390 2296; x_wconf 42' lang='lat' dir='ltr'><strong>1¹2)...BE.FF10‹i‡.</strong></span> <span class='ocrx_word' id='word_1_340' title='bbox 405 2258 474 2298; x_wconf 67' lang='grc' dir='ltr'><strong>Ηζβζ</strong></span> <span class='ocrx_word' id='word_1_341' title='bbox 488 2262 639 2292; x_wconf 55' lang='grc' dir='ltr'><strong>κατιππΙῙ.</strong></span> <span class='ocrx_word' id='word_1_342' title='bbox 661 2270 689 2298; x_wconf 87' lang='lat' dir='ltr'><strong>p.</strong></span> <span class='ocrx_word' id='word_1_343' title='bbox 705 2265 770 2294; x_wconf 82' lang='lat'><strong>208.</strong></span> <span class='ocrx_word' id='word_1_344' title='bbox 788 2269 853 2290; x_wconf 60' lang='grc' dir='ltr'><strong>κιο.</strong></span> <span class='ocrx_word' id='word_1_345' title='bbox 892 2261 987 2290; x_wconf 54' lang='grc' dir='ltr'><em>λίθω.</em></span> <span class='ocrx_word' id='word_1_346' title='bbox 1006 2261 1038 2289; x_wconf 79' lang='lat' dir='ltr'><strong>de</strong></span> <span class='ocrx_word' id='word_1_347' title='bbox 1055 2259 1168 2290; x_wconf 56' lang='lat' dir='ltr'><strong>I’Acaal.</strong></span> <span class='ocrx_word' id='word_1_348' title='bbox 1195 2268 1259 2289; x_wconf 79' lang='lat' dir='ltr'><strong>ann.</strong></span> <span class='ocrx_word' id='word_1_349' title='bbox 1288 2264 1371 2294; x_wconf 82' lang='lat'><strong>1748.</strong></span> <span class='ocrx_word' id='word_1_350' title='bbox 1390 2267 1417 2295; x_wconf 83' lang='lat' dir='ltr'><strong>p.</strong></span> <span class='ocrx_word' id='word_1_351' title='bbox 1438 2267 1495 2295; x_wconf 88' lang='lat'><strong>2¹9</strong></span> <span class='ocrx_word' id='word_1_352' title='bbox 1531 2264 1563 2288; x_wconf 77' lang='lat' dir='ltr'><strong>ut</strong></span> <span class='ocrx_word' id='word_1_353' title='bbox 1588 2257 1646 2295; x_wconf 79' lang='lat' dir='ltr'><strong>ipse</strong></span> <span class='ocrx_word' id='word_1_354' title='bbox 1672 2266 1710 2288; x_wconf 55' lang='lat' dir='ltr'><strong>th</strong></span> 
     </span>
     <span class='ocr_line' id='line_1_35' title="bbox 162 2298 1620 2337; baseline -0.002 -7"><span class='ocrx_word' id='word_1_355' title='bbox 162 2310 228 2330; x_wconf 83' lang='lat' dir='ltr'><strong>men</strong></span> <span class='ocrx_word' id='word_1_356' title='bbox 254 2301 396 2335; x_wconf 50' lang='lat' dir='ltr'><strong>intentur,</strong></span> <span class='ocrx_word' id='word_1_357' title='bbox 421 2300 449 2329; x_wconf 89' lang='lat' dir='ltr'><strong>in</strong></span> <span class='ocrx_word' id='word_1_358' title='bbox 475 2301 612 2330; x_wconf 85' lang='lat' dir='ltr'><strong>teneriori</strong></span> <span class='ocrx_word' id='word_1_359' title='bbox 636 2300 722 2331; x_wconf 74' lang='lat' dir='ltr'><strong>altera</strong></span> <span class='ocrx_word' id='word_1_360' title='bbox 743 2299 821 2330; x_wconf 79' lang='lat' dir='ltr'><strong>nulla</strong></span> <span class='ocrx_word' id='word_1_361' title='bbox 841 2309 961 2337; x_wconf 72' lang='lat' dir='ltr'><strong>corpora</strong></span> <span class='ocrx_word' id='word_1_362' title='bbox 980 2299 1058 2331; x_wconf 73' lang='lat' dir='ltr'><strong>lutea</strong></span> <span class='ocrx_word' id='word_1_363' title='bbox 1078 2299 1159 2330; x_wconf 62' lang='lat' dir='ltr'><strong>fuiffe</strong></span> <span class='ocrx_word' id='word_1_364' title='bbox 1181 2321 1189 2336; x_wconf 88' lang='lat'>‚</span> <span class='ocrx_word' id='word_1_365' title='bbox 1212 2298 1259 2328; x_wconf 83' lang='lat' dir='ltr'><strong>sed</strong></span> <span class='ocrx_word' id='word_1_366' title='bbox 1285 2298 1419 2329; x_wconf 60' lang='lat' dir='ltr'><strong>veneni-&lt;a</strong></span> <span class='ocrx_word' id='word_1_367' title='bbox 1434 2308 1464 2336; x_wconf 89' lang='lat' dir='ltr'><strong>p.</strong></span> <span class='ocrx_word' id='word_1_368' title='bbox 1483 2308 1549 2333; x_wconf 63' lang='grc' dir='ltr'><strong><em>εις).</em></strong></span> <span class='ocrx_word' id='word_1_369' title='bbox 1567 2299 1620 2327; x_wconf 69' lang='grc' dir='ltr'><strong>ἃς.</strong></span> 
     </span>
    </p>
   </div>
   <div class='ocr_carea' id='block_1_9' title="bbox 227 2375 1205 2423">
    <p class='ocr_par' dir='ltr' id='par_1_11' title="bbox 227 2375 1205 2423">
     <span class='ocr_line' id='line_1_36' title="bbox 227 2375 1205 2423; baseline 0.001 -10"><span class='ocrx_word' id='word_1_370' title='bbox 227 2376 390 2415; x_wconf 69' lang='lat' dir='ltr'>HALLER</span> <span class='ocrx_word' id='word_1_371' title='bbox 420 2376 562 2423; x_wconf 75' lang='lat' dir='ltr'><strong>Phyfiol.</strong></span> <span class='ocrx_word' id='word_1_372' title='bbox 595 2378 704 2416; x_wconf 85' lang='lat' dir='ltr'><strong>Tom.</strong></span> <span class='ocrx_word' id='word_1_373' title='bbox 719 2377 820 2416; x_wconf 85' lang='lat' dir='ltr'><strong>VIII.</strong></span> <span class='ocrx_word' id='word_1_374' title='bbox 857 2376 893 2413; x_wconf 87' lang='lat' dir='ltr'><strong>P.</strong></span> <span class='ocrx_word' id='word_1_375' title='bbox 917 2376 943 2414; x_wconf 86' lang='grc' dir='ltr'><strong>Ι.</strong></span> <span class='ocrx_word' id='word_1_376' title='bbox 1178 2375 1205 2414; x_wconf 82' lang='grc' dir='ltr'>Ε</span> 
     </span>
    </p>
   </div>
  </div>
 </body>
</html>
